{
    "state": 0,
    "message": "查询成功",
    "pageCount": 2,
    "countNum": 154,
    "Tflag": 1,
    "result": [
        {
            "name": "双色球",
            "code": "2013100",
            "detailsLink": "/c/2013/08/27/383289.shtml",
            "videoLink": "",
            "date": "2013-08-27(二)",
            "week": "二",
            "red": "04,08,11,14,16,20",
            "blue": "11",
            "blue2": "",
            "sales": "324850520",
            "poolmoney": "110063013",
            "content": "共0注。",
            "addmoney": "",
            "addmoney2": "",
            "msg": "",
            "z2add": "",
            "m2add": "",
            "prizegrades": [
                {
                    "type": 1,
                    "typenum": "0",
                    "typemoney": "0"
                },
                {
                    "type": 2,
                    "typenum": "61",
                    "typemoney": "370237"
                },
                {
                    "type": 3,
                    "typenum": "1244",
                    "typemoney": "3000"
                },
                {
                    "type": 4,
                    "typenum": "65430",
                    "typemoney": "200"
                },
                {
                    "type": 5,
                    "typenum": "1243865",
                    "typemoney": "10"
                },
                {
                    "type": 6,
                    "typenum": "10927686",
                    "typemoney": "5"
                },
                {
                    "type": 7,
                    "typenum": "",
                    "typemoney": ""
                }
            ]
        },
        {
            "name": "双色球",
            "code": "2013099",
            "detailsLink": "/c/2013/08/25/383280.shtml",
            "videoLink": "",
            "date": "2013-08-25(日)",
            "week": "日",
            "red": "05,11,20,21,26,31",
            "blue": "03",
            "blue2": "",
            "sales": "359490506",
            "poolmoney": "57365841",
            "content": "河北1注,黑龙江1注,浙江1注,安徽1注,山东2注,广西2注,贵州1注,深圳4注,共13注。",
            "addmoney": "",
            "addmoney2": "",
            "msg": "",
            "z2add": "",
            "m2add": "",
            "prizegrades": [
                {
                    "type": 1,
                    "typenum": "13",
                    "typemoney": "5000000"
                },
                {
                    "type": 2,
                    "typenum": "173",
                    "typemoney": "150911"
                },
                {
                    "type": 3,
                    "typenum": "1689",
                    "typemoney": "3000"
                },
                {
                    "type": 4,
                    "typenum": "75709",
                    "typemoney": "200"
                },
                {
                    "type": 5,
                    "typenum": "1289550",
                    "typemoney": "10"
                },
                {
                    "type": 6,
                    "typenum": "11204059",
                    "typemoney": "5"
                },
                {
                    "type": 7,
                    "typenum": "",
                    "typemoney": ""
                }
            ]
        },
        {
            "name": "双色球",
            "code": "2013098",
            "detailsLink": "/c/2013/08/22/383279.shtml",
            "videoLink": "",
            "date": "2013-08-22(四)",
            "week": "四",
            "red": "07,15,18,19,20,26",
            "blue": "14",
            "blue2": "",
            "sales": "333979300",
            "poolmoney": "61447820",
            "content": "河北2注,黑龙江2注,江苏1注,安徽2注,福建3注,江西1注,山东2注,重庆1注,河南2注,湖南2注,广西5注,云南2注,陕西1注,宁夏1注,新疆1注,共28注。",
            "addmoney": "",
            "addmoney2": "",
            "msg": "",
            "z2add": "",
            "m2add": "",
            "prizegrades": [
                {
                    "type": 1,
                    "typenum": "28",
                    "typemoney": "5506770"
                },
                {
                    "type": 2,
                    "typenum": "291",
                    "typemoney": "73142"
                },
                {
                    "type": 3,
                    "typenum": "3950",
                    "typemoney": "3000"
                },
                {
                    "type": 4,
                    "typenum": "123020",
                    "typemoney": "200"
                },
                {
                    "type": 5,
                    "typenum": "1748414",
                    "typemoney": "10"
                },
                {
                    "type": 6,
                    "typenum": "7752782",
                    "typemoney": "5"
                },
                {
                    "type": 7,
                    "typenum": "",
                    "typemoney": ""
                }
            ]
        },
        {
            "name": "双色球",
            "code": "2013097",
            "detailsLink": "/c/2013/08/20/383269.shtml",
            "videoLink": "",
            "date": "2013-08-20(二)",
            "week": "二",
            "red": "05,14,17,22,23,25",
            "blue": "07",
            "blue2": "",
            "sales": "326153582",
            "poolmoney": "165973926",
            "content": "山西1注,湖北1注,广东1注,共3注。",
            "addmoney": "",
            "addmoney2": "",
            "msg": "",
            "z2add": "",
            "m2add": "",
            "prizegrades": [
                {
                    "type": 1,
                    "typenum": "3",
                    "typemoney": "10000000"
                },
                {
                    "type": 2,
                    "typenum": "152",
                    "typemoney": "175954"
                },
                {
                    "type": 3,
                    "typenum": "1159",
                    "typemoney": "3000"
                },
                {
                    "type": 4,
                    "typenum": "63714",
                    "typemoney": "200"
                },
                {
                    "type": 5,
                    "typenum": "1204032",
                    "typemoney": "10"
                },
                {
                    "type": 6,
                    "typenum": "8480960",
                    "typemoney": "5"
                },
                {
                    "type": 7,
                    "typenum": "",
                    "typemoney": ""
                }
            ]
        },
        {
            "name": "双色球",
            "code": "2013096",
            "detailsLink": "/c/2013/08/18/383243.shtml",
            "videoLink": "",
            "date": "2013-08-18(日)",
            "week": "日",
            "red": "01,02,22,28,29,30",
            "blue": "15",
            "blue2": "",
            "sales": "364530978",
            "poolmoney": "133568694",
            "content": "河北2注,浙江1注,山东1注,重庆1注,广东2注,云南1注,深圳1注,共9注。",
            "addmoney": "",
            "addmoney2": "",
            "msg": "",
            "z2add": "",
            "m2add": "",
            "prizegrades": [
                {
                    "type": 1,
                    "typenum": "9",
                    "typemoney": "7504350"
                },
                {
                    "type": 2,
                    "typenum": "112",
                    "typemoney": "301863"
                },
                {
                    "type": 3,
                    "typenum": "943",
                    "typemoney": "3000"
                },
                {
                    "type": 4,
                    "typenum": "49363",
                    "typemoney": "200"
                },
                {
                    "type": 5,
                    "typenum": "971581",
                    "typemoney": "10"
                },
                {
                    "type": 6,
                    "typenum": "8701402",
                    "typemoney": "5"
                },
                {
                    "type": 7,
                    "typenum": "",
                    "typemoney": ""
                }
            ]
        },
        {
            "name": "双色球",
            "code": "2013095",
            "detailsLink": "/c/2013/08/15/383238.shtml",
            "videoLink": "",
            "date": "2013-08-15(四)",
            "week": "四",
            "red": "01,06,15,19,28,29",
            "blue": "10",
            "blue2": "",
            "sales": "321839422",
            "poolmoney": "122220820",
            "content": "内蒙古1注,安徽1注,重庆1注,湖南1注,四川1注,共5注。",
            "addmoney": "",
            "addmoney2": "",
            "msg": "",
            "z2add": "",
            "m2add": "",
            "prizegrades": [
                {
                    "type": 1,
                    "typenum": "5",
                    "typemoney": "5000000"
                },
                {
                    "type": 2,
                    "typenum": "144",
                    "typemoney": "183210"
                },
                {
                    "type": 3,
                    "typenum": "1352",
                    "typemoney": "3000"
                },
                {
                    "type": 4,
                    "typenum": "67207",
                    "typemoney": "200"
                },
                {
                    "type": 5,
                    "typenum": "1283571",
                    "typemoney": "10"
                },
                {
                    "type": 6,
                    "typenum": "7885465",
                    "typemoney": "5"
                },
                {
                    "type": 7,
                    "typenum": "",
                    "typemoney": ""
                }
            ]
        },
        {
            "name": "双色球",
            "code": "2013094",
            "detailsLink": "/c/2013/08/13/383211.shtml",
            "videoLink": "",
            "date": "2013-08-13(二)",
            "week": "二",
            "red": "02,04,14,18,20,22",
            "blue": "07",
            "blue2": "",
            "sales": "320217972",
            "poolmoney": "85662203",
            "content": "河北1注,辽宁1注,上海1注,江苏1注,浙江1注,河南1注,广东2注,贵州1注,云南1注,甘肃1注,共11注。",
            "addmoney": "",
            "addmoney2": "",
            "msg": "",
            "z2add": "",
            "m2add": "",
            "prizegrades": [
                {
                    "type": 1,
                    "typenum": "11",
                    "typemoney": "5984697"
                },
                {
                    "type": 2,
                    "typenum": "113",
                    "typemoney": "143783"
                },
                {
                    "type": 3,
                    "typenum": "1354",
                    "typemoney": "3000"
                },
                {
                    "type": 4,
                    "typenum": "64875",
                    "typemoney": "200"
                },
                {
                    "type": 5,
                    "typenum": "1190550",
                    "typemoney": "10"
                },
                {
                    "type": 6,
                    "typenum": "14761186",
                    "typemoney": "5"
                },
                {
                    "type": 7,
                    "typenum": "",
                    "typemoney": ""
                }
            ]
        },
        {
            "name": "双色球",
            "code": "2013093",
            "detailsLink": "/c/2013/08/11/383210.shtml",
            "videoLink": "",
            "date": "2013-08-11(日)",
            "week": "日",
            "red": "01,02,08,26,29,31",
            "blue": "14",
            "blue2": "",
            "sales": "345826922",
            "poolmoney": "113583018",
            "content": "江西1注,山东1注,共2注。",
            "addmoney": "",
            "addmoney2": "",
            "msg": "",
            "z2add": "",
            "m2add": "",
            "prizegrades": [
                {
                    "type": 1,
                    "typenum": "2",
                    "typemoney": "5000000"
                },
                {
                    "type": 2,
                    "typenum": "111",
                    "typemoney": "325606"
                },
                {
                    "type": 3,
                    "typenum": "719",
                    "typemoney": "3000"
                },
                {
                    "type": 4,
                    "typenum": "39473",
                    "typemoney": "200"
                },
                {
                    "type": 5,
                    "typenum": "893517",
                    "typemoney": "10"
                },
                {
                    "type": 6,
                    "typenum": "5998790",
                    "typemoney": "5"
                },
                {
                    "type": 7,
                    "typenum": "",
                    "typemoney": ""
                }
            ]
        },
        {
            "name": "双色球",
            "code": "2013092",
            "detailsLink": "/c/2013/08/08/383209.shtml",
            "videoLink": "",
            "date": "2013-08-08(四)",
            "week": "四",
            "red": "07,11,15,21,26,31",
            "blue": "06",
            "blue2": "",
            "sales": "311052518",
            "poolmoney": "39250888",
            "content": "辽宁1注,黑龙江1注,湖北2注,广东1注,贵州1注,陕西2注,共8注。",
            "addmoney": "",
            "addmoney2": "",
            "msg": "",
            "z2add": "",
            "m2add": "",
            "prizegrades": [
                {
                    "type": 1,
                    "typenum": "8",
                    "typemoney": "5000000"
                },
                {
                    "type": 2,
                    "typenum": "103",
                    "typemoney": "204927"
                },
                {
                    "type": 3,
                    "typenum": "1368",
                    "typemoney": "3000"
                },
                {
                    "type": 4,
                    "typenum": "66733",
                    "typemoney": "200"
                },
                {
                    "type": 5,
                    "typenum": "1158839",
                    "typemoney": "10"
                },
                {
                    "type": 6,
                    "typenum": "10603666",
                    "typemoney": "5"
                },
                {
                    "type": 7,
                    "typenum": "",
                    "typemoney": ""
                }
            ]
        },
        {
            "name": "双色球",
            "code": "2013091",
            "detailsLink": "/c/2013/08/06/383208.shtml",
            "videoLink": "",
            "date": "2013-08-06(二)",
            "week": "二",
            "red": "04,14,24,25,28,31",
            "blue": "10",
            "blue2": "",
            "sales": "308670790",
            "poolmoney": "30000000",
            "content": "江苏1注,广东1注,贵州19注,青海1注,共22注。",
            "addmoney": "",
            "addmoney2": "",
            "msg": "中彩中心决定：从双色球调节基金拨出30000000元，注入第2013092期奖池，第2013092期奖池资金原为：0元,累计金额为：30000000元。",
            "z2add": "",
            "m2add": "",
            "prizegrades": [
                {
                    "type": 1,
                    "typenum": "22",
                    "typemoney": "3362188"
                },
                {
                    "type": 2,
                    "typenum": "61",
                    "typemoney": "308909"
                },
                {
                    "type": 3,
                    "typenum": "1316",
                    "typemoney": "3000"
                },
                {
                    "type": 4,
                    "typenum": "63680",
                    "typemoney": "200"
                },
                {
                    "type": 5,
                    "typenum": "1110064",
                    "typemoney": "10"
                },
                {
                    "type": 6,
                    "typenum": "12130481",
                    "typemoney": "5"
                },
                {
                    "type": 7,
                    "typenum": "",
                    "typemoney": ""
                }
            ]
        },
        {
            "name": "双色球",
            "code": "2013090",
            "detailsLink": "/c/2013/08/04/383206.shtml",
            "videoLink": "",
            "date": "2013-08-04(日)",
            "week": "日",
            "red": "02,05,11,23,24,29",
            "blue": "08",
            "blue2": "",
            "sales": "372773264",
            "poolmoney": "30000000",
            "content": "北京1注,天津1注,江苏26注,浙江1注,江西5注,山东1注,重庆1注,河南1注,湖南3注,广东1注,广西1注,西藏1注,陕西1注,青海1注,深圳1注,共46注。",
            "addmoney": "",
            "addmoney2": "",
            "msg": "中彩中心决定：从双色球调节基金拨出30000000元，注入第2013091期奖池，第2013091期奖池资金原为：0元,累计金额为：30000000元。",
            "z2add": "",
            "m2add": "",
            "prizegrades": [
                {
                    "type": 1,
                    "typenum": "46",
                    "typemoney": "3882974"
                },
                {
                    "type": 2,
                    "typenum": "154",
                    "typemoney": "13183"
                },
                {
                    "type": 3,
                    "typenum": "4037",
                    "typemoney": "3000"
                },
                {
                    "type": 4,
                    "typenum": "149248",
                    "typemoney": "200"
                },
                {
                    "type": 5,
                    "typenum": "2151206",
                    "typemoney": "10"
                },
                {
                    "type": 6,
                    "typenum": "22483763",
                    "typemoney": "5"
                },
                {
                    "type": 7,
                    "typenum": "",
                    "typemoney": ""
                }
            ]
        },
        {
            "name": "双色球",
            "code": "2013089",
            "detailsLink": "/c/2013/08/01/383205.shtml",
            "videoLink": "",
            "date": "2013-08-01(四)",
            "week": "四",
            "red": "04,08,12,19,21,25",
            "blue": "13",
            "blue2": "",
            "sales": "337088774",
            "poolmoney": "173879650",
            "content": "河北2注,江苏2注,浙江1注,福建2注,山东1注,重庆1注,湖南1注,四川3注,陕西1注,共14注。",
            "addmoney": "",
            "addmoney2": "",
            "msg": "",
            "z2add": "",
            "m2add": "",
            "prizegrades": [
                {
                    "type": 1,
                    "typenum": "14",
                    "typemoney": "6155652"
                },
                {
                    "type": 2,
                    "typenum": "210",
                    "typemoney": "115565"
                },
                {
                    "type": 3,
                    "typenum": "2273",
                    "typemoney": "3000"
                },
                {
                    "type": 4,
                    "typenum": "88036",
                    "typemoney": "200"
                },
                {
                    "type": 5,
                    "typenum": "1503399",
                    "typemoney": "10"
                },
                {
                    "type": 6,
                    "typenum": "8963528",
                    "typemoney": "5"
                },
                {
                    "type": 7,
                    "typenum": "",
                    "typemoney": ""
                }
            ]
        },
        {
            "name": "双色球",
            "code": "2013088",
            "detailsLink": "/c/2013/07/30/383171.shtml",
            "videoLink": "",
            "date": "2013-07-30(二)",
            "week": "二",
            "red": "09,15,20,21,22,24",
            "blue": "14",
            "blue2": "",
            "sales": "332225112",
            "poolmoney": "203431818",
            "content": "辽宁1注,安徽1注,山东1注,共3注。",
            "addmoney": "",
            "addmoney2": "",
            "msg": "",
            "z2add": "",
            "m2add": "",
            "prizegrades": [
                {
                    "type": 1,
                    "typenum": "3",
                    "typemoney": "10000000"
                },
                {
                    "type": 2,
                    "typenum": "119",
                    "typemoney": "265091"
                },
                {
                    "type": 3,
                    "typenum": "830",
                    "typemoney": "3000"
                },
                {
                    "type": 4,
                    "typenum": "51312",
                    "typemoney": "200"
                },
                {
                    "type": 5,
                    "typenum": "1073094",
                    "typemoney": "10"
                },
                {
                    "type": 6,
                    "typenum": "6830826",
                    "typemoney": "5"
                },
                {
                    "type": 7,
                    "typenum": "",
                    "typemoney": ""
                }
            ]
        },
        {
            "name": "双色球",
            "code": "2013087",
            "detailsLink": "/c/2013/07/28/383170.shtml",
            "videoLink": "",
            "date": "2013-07-28(日)",
            "week": "日",
            "red": "02,13,19,23,24,28",
            "blue": "05",
            "blue2": "",
            "sales": "364306204",
            "poolmoney": "159824838",
            "content": "上海1注,江西1注,湖南1注,广西1注,云南1注,甘肃1注,共6注。",
            "addmoney": "",
            "addmoney2": "",
            "msg": "",
            "z2add": "",
            "m2add": "",
            "prizegrades": [
                {
                    "type": 1,
                    "typenum": "6",
                    "typemoney": "7813525"
                },
                {
                    "type": 2,
                    "typenum": "121",
                    "typemoney": "209270"
                },
                {
                    "type": 3,
                    "typenum": "1602",
                    "typemoney": "3000"
                },
                {
                    "type": 4,
                    "typenum": "80264",
                    "typemoney": "200"
                },
                {
                    "type": 5,
                    "typenum": "1405965",
                    "typemoney": "10"
                },
                {
                    "type": 6,
                    "typenum": "11837166",
                    "typemoney": "5"
                },
                {
                    "type": 7,
                    "typenum": "",
                    "typemoney": ""
                }
            ]
        },
        {
            "name": "双色球",
            "code": "2013086",
            "detailsLink": "/c/2013/07/25/383169.shtml",
            "videoLink": "",
            "date": "2013-07-25(四)",
            "week": "四",
            "red": "02,04,11,13,16,26",
            "blue": "11",
            "blue2": "",
            "sales": "326453274",
            "poolmoney": "147621963",
            "content": "浙江1注,福建1注,江西1注,共3注。",
            "addmoney": "",
            "addmoney2": "",
            "msg": "",
            "z2add": "",
            "m2add": "",
            "prizegrades": [
                {
                    "type": 1,
                    "typenum": "3",
                    "typemoney": "10000000"
                },
                {
                    "type": 2,
                    "typenum": "80",
                    "typemoney": "311029"
                },
                {
                    "type": 3,
                    "typenum": "1098",
                    "typemoney": "3000"
                },
                {
                    "type": 4,
                    "typenum": "54996",
                    "typemoney": "200"
                },
                {
                    "type": 5,
                    "typenum": "1090702",
                    "typemoney": "10"
                },
                {
                    "type": 6,
                    "typenum": "10364128",
                    "typemoney": "5"
                },
                {
                    "type": 7,
                    "typenum": "",
                    "typemoney": ""
                }
            ]
        },
        {
            "name": "双色球",
            "code": "2013085",
            "detailsLink": "/c/2013/07/23/383168.shtml",
            "videoLink": "",
            "date": "2013-07-23(二)",
            "week": "二",
            "red": "02,08,12,14,16,32",
            "blue": "16",
            "blue2": "",
            "sales": "330145456",
            "poolmoney": "119563094",
            "content": "山西1注,内蒙古1注,湖南1注,广东1注,青海1注,深圳2注,共7注。",
            "addmoney": "",
            "addmoney2": "",
            "msg": "",
            "z2add": "",
            "m2add": "",
            "prizegrades": [
                {
                    "type": 1,
                    "typenum": "7",
                    "typemoney": "8042847"
                },
                {
                    "type": 2,
                    "typenum": "135",
                    "typemoney": "236665"
                },
                {
                    "type": 3,
                    "typenum": "935",
                    "typemoney": "3000"
                },
                {
                    "type": 4,
                    "typenum": "53773",
                    "typemoney": "200"
                },
                {
                    "type": 5,
                    "typenum": "1122477",
                    "typemoney": "10"
                },
                {
                    "type": 6,
                    "typenum": "6097445",
                    "typemoney": "5"
                },
                {
                    "type": 7,
                    "typenum": "",
                    "typemoney": ""
                }
            ]
        },
        {
            "name": "双色球",
            "code": "2013084",
            "detailsLink": "/c/2013/07/21/383167.shtml",
            "videoLink": "",
            "date": "2013-07-21(日)",
            "week": "日",
            "red": "05,07,09,11,20,21",
            "blue": "03",
            "blue2": "",
            "sales": "373588034",
            "poolmoney": "101313260",
            "content": "北京2注,河北1注,黑龙江1注,江苏1注,山东1注,重庆1注,广东1注,陕西2注,共10注。",
            "addmoney": "",
            "addmoney2": "",
            "msg": "",
            "z2add": "",
            "m2add": "",
            "prizegrades": [
                {
                    "type": 1,
                    "typenum": "10",
                    "typemoney": "6976187"
                },
                {
                    "type": 2,
                    "typenum": "136",
                    "typemoney": "217961"
                },
                {
                    "type": 3,
                    "typenum": "1861",
                    "typemoney": "3000"
                },
                {
                    "type": 4,
                    "typenum": "88845",
                    "typemoney": "200"
                },
                {
                    "type": 5,
                    "typenum": "1586008",
                    "typemoney": "10"
                },
                {
                    "type": 6,
                    "typenum": "9007333",
                    "typemoney": "5"
                },
                {
                    "type": 7,
                    "typenum": "",
                    "typemoney": ""
                }
            ]
        },
        {
            "name": "双色球",
            "code": "2013083",
            "detailsLink": "/c/2013/07/18/383060.shtml",
            "videoLink": "",
            "date": "2013-07-18(四)",
            "week": "四",
            "red": "05,06,12,14,19,23",
            "blue": "09",
            "blue2": "",
            "sales": "338036388",
            "poolmoney": "101908566",
            "content": "山西1注,辽宁1注,上海2注,浙江1注,江西2注,重庆1注,河南1注,湖北1注,湖南1注,贵州1注,云南1注,陕西2注,新疆2注,深圳1注,共18注。",
            "addmoney": "",
            "addmoney2": "",
            "msg": "",
            "z2add": "",
            "m2add": "",
            "prizegrades": [
                {
                    "type": 1,
                    "typenum": "18",
                    "typemoney": "5326203"
                },
                {
                    "type": 2,
                    "typenum": "225",
                    "typemoney": "39144"
                },
                {
                    "type": 3,
                    "typenum": "4408",
                    "typemoney": "3000"
                },
                {
                    "type": 4,
                    "typenum": "159499",
                    "typemoney": "200"
                },
                {
                    "type": 5,
                    "typenum": "2109179",
                    "typemoney": "10"
                },
                {
                    "type": 6,
                    "typenum": "14012784",
                    "typemoney": "5"
                },
                {
                    "type": 7,
                    "typenum": "",
                    "typemoney": ""
                }
            ]
        },
        {
            "name": "双色球",
            "code": "2013082",
            "detailsLink": "/c/2013/07/16/383059.shtml",
            "videoLink": "",
            "date": "2013-07-16(二)",
            "week": "二",
            "red": "04,13,14,20,22,30",
            "blue": "06",
            "blue2": "",
            "sales": "326611872",
            "poolmoney": "177229420",
            "content": "北京1注,内蒙古1注,江西2注,广西1注,共5注。",
            "addmoney": "",
            "addmoney2": "",
            "msg": "",
            "z2add": "",
            "m2add": "",
            "prizegrades": [
                {
                    "type": 1,
                    "typenum": "5",
                    "typemoney": "8012017"
                },
                {
                    "type": 2,
                    "typenum": "178",
                    "typemoney": "126910"
                },
                {
                    "type": 3,
                    "typenum": "1704",
                    "typemoney": "3000"
                },
                {
                    "type": 4,
                    "typenum": "83829",
                    "typemoney": "200"
                },
                {
                    "type": 5,
                    "typenum": "1484654",
                    "typemoney": "10"
                },
                {
                    "type": 6,
                    "typenum": "9603007",
                    "typemoney": "5"
                },
                {
                    "type": 7,
                    "typenum": "",
                    "typemoney": ""
                }
            ]
        },
        {
            "name": "双色球",
            "code": "2013081",
            "detailsLink": "/c/2013/07/14/383058.shtml",
            "videoLink": "",
            "date": "2013-07-14(日)",
            "week": "日",
            "red": "01,04,10,13,21,31",
            "blue": "13",
            "blue2": "",
            "sales": "359745012",
            "poolmoney": "164579200",
            "content": "江苏1注,浙江1注,湖北1注,广东1注,共4注。",
            "addmoney": "",
            "addmoney2": "",
            "msg": "",
            "z2add": "",
            "m2add": "",
            "prizegrades": [
                {
                    "type": 1,
                    "typenum": "4",
                    "typemoney": "10000000"
                },
                {
                    "type": 2,
                    "typenum": "122",
                    "typemoney": "273751"
                },
                {
                    "type": 3,
                    "typenum": "1116",
                    "typemoney": "3000"
                },
                {
                    "type": 4,
                    "typenum": "62494",
                    "typemoney": "200"
                },
                {
                    "type": 5,
                    "typenum": "1295456",
                    "typemoney": "10"
                },
                {
                    "type": 6,
                    "typenum": "7229622",
                    "typemoney": "5"
                },
                {
                    "type": 7,
                    "typenum": "",
                    "typemoney": ""
                }
            ]
        },
        {
            "name": "双色球",
            "code": "2013080",
            "detailsLink": "/c/2013/07/11/383057.shtml",
            "videoLink": "",
            "date": "2013-07-11(四)",
            "week": "四",
            "red": "10,11,12,23,28,32",
            "blue": "16",
            "blue2": "",
            "sales": "327918824",
            "poolmoney": "126651295",
            "content": "辽宁1注,浙江1注,江西1注,河南2注,共5注。",
            "addmoney": "",
            "addmoney2": "",
            "msg": "",
            "z2add": "",
            "m2add": "",
            "prizegrades": [
                {
                    "type": 1,
                    "typenum": "5",
                    "typemoney": "8444709"
                },
                {
                    "type": 2,
                    "typenum": "103",
                    "typemoney": "250828"
                },
                {
                    "type": 3,
                    "typenum": "1512",
                    "typemoney": "3000"
                },
                {
                    "type": 4,
                    "typenum": "73261",
                    "typemoney": "200"
                },
                {
                    "type": 5,
                    "typenum": "1305619",
                    "typemoney": "10"
                },
                {
                    "type": 6,
                    "typenum": "8463619",
                    "typemoney": "5"
                },
                {
                    "type": 7,
                    "typenum": "",
                    "typemoney": ""
                }
            ]
        },
        {
            "name": "双色球",
            "code": "2013079",
            "detailsLink": "/c/2013/07/09/383056.shtml",
            "videoLink": "",
            "date": "2013-07-09(二)",
            "week": "二",
            "red": "07,13,17,19,22,26",
            "blue": "13",
            "blue2": "",
            "sales": "320512624",
            "poolmoney": "108592428",
            "content": "内蒙古1注,吉林1注,黑龙江1注,浙江2注,江西1注,山东2注,湖北1注,广东1注,贵州1注,新疆1注,共12注。",
            "addmoney": "",
            "addmoney2": "",
            "msg": "",
            "z2add": "",
            "m2add": "",
            "prizegrades": [
                {
                    "type": 1,
                    "typenum": "12",
                    "typemoney": "6446471"
                },
                {
                    "type": 2,
                    "typenum": "102",
                    "typemoney": "255259"
                },
                {
                    "type": 3,
                    "typenum": "1192",
                    "typemoney": "3000"
                },
                {
                    "type": 4,
                    "typenum": "67130",
                    "typemoney": "200"
                },
                {
                    "type": 5,
                    "typenum": "1265622",
                    "typemoney": "10"
                },
                {
                    "type": 6,
                    "typenum": "8120933",
                    "typemoney": "5"
                },
                {
                    "type": 7,
                    "typenum": "",
                    "typemoney": ""
                }
            ]
        },
        {
            "name": "双色球",
            "code": "2013078",
            "detailsLink": "/c/2013/07/07/383055.shtml",
            "videoLink": "",
            "date": "2013-07-07(日)",
            "week": "日",
            "red": "03,05,17,18,26,27",
            "blue": "15",
            "blue2": "",
            "sales": "355637236",
            "poolmoney": "125198288",
            "content": "北京1注,辽宁1注,浙江1注,福建1注,江西1注,山东1注,广西1注,四川1注,共8注。",
            "addmoney": "",
            "addmoney2": "",
            "msg": "",
            "z2add": "",
            "m2add": "",
            "prizegrades": [
                {
                    "type": 1,
                    "typenum": "8",
                    "typemoney": "5000000"
                },
                {
                    "type": 2,
                    "typenum": "223",
                    "typemoney": "143305"
                },
                {
                    "type": 3,
                    "typenum": "1481",
                    "typemoney": "3000"
                },
                {
                    "type": 4,
                    "typenum": "75201",
                    "typemoney": "200"
                },
                {
                    "type": 5,
                    "typenum": "1477667",
                    "typemoney": "10"
                },
                {
                    "type": 6,
                    "typenum": "6695776",
                    "typemoney": "5"
                },
                {
                    "type": 7,
                    "typenum": "",
                    "typemoney": ""
                }
            ]
        },
        {
            "name": "双色球",
            "code": "2013077",
            "detailsLink": "/c/2013/07/04/383006.shtml",
            "videoLink": "",
            "date": "2013-07-04(四)",
            "week": "四",
            "red": "09,14,23,24,26,29",
            "blue": "03",
            "blue2": "",
            "sales": "333114166",
            "poolmoney": "90631848",
            "content": "北京1注,天津1注,河北1注,山西2注,内蒙古2注,吉林2注,黑龙江1注,江苏1注,浙江1注,安徽1注,福建1注,江西2注,山东2注,重庆1注,河南1注,湖北1注,广东2注,广西2注,海南1注,云南1注,陕西1注,新疆3注,共31注。",
            "addmoney": "",
            "addmoney2": "",
            "msg": "",
            "z2add": "",
            "m2add": "",
            "prizegrades": [
                {
                    "type": 1,
                    "typenum": "31",
                    "typemoney": "5415508"
                },
                {
                    "type": 2,
                    "typenum": "186",
                    "typemoney": "103877"
                },
                {
                    "type": 3,
                    "typenum": "11740",
                    "typemoney": "3000"
                },
                {
                    "type": 4,
                    "typenum": "71510",
                    "typemoney": "200"
                },
                {
                    "type": 5,
                    "typenum": "1079027",
                    "typemoney": "10"
                },
                {
                    "type": 6,
                    "typenum": "7701962",
                    "typemoney": "5"
                },
                {
                    "type": 7,
                    "typenum": "",
                    "typemoney": ""
                }
            ]
        },
        {
            "name": "双色球",
            "code": "2013076",
            "detailsLink": "/c/2013/07/02/382862.shtml",
            "videoLink": "",
            "date": "2013-07-02(二)",
            "week": "二",
            "red": "14,23,24,26,29,30",
            "blue": "03",
            "blue2": "",
            "sales": "326689120",
            "poolmoney": "213429920",
            "content": "辽宁1注,共1注。",
            "addmoney": "",
            "addmoney2": "",
            "msg": "",
            "z2add": "",
            "m2add": "",
            "prizegrades": [
                {
                    "type": 1,
                    "typenum": "1",
                    "typemoney": "10000000"
                },
                {
                    "type": 2,
                    "typenum": "43",
                    "typemoney": "750283"
                },
                {
                    "type": 3,
                    "typenum": "568",
                    "typemoney": "3000"
                },
                {
                    "type": 4,
                    "typenum": "39214",
                    "typemoney": "200"
                },
                {
                    "type": 5,
                    "typenum": "923533",
                    "typemoney": "10"
                },
                {
                    "type": 6,
                    "typenum": "6750974",
                    "typemoney": "5"
                },
                {
                    "type": 7,
                    "typenum": "",
                    "typemoney": ""
                }
            ]
        },
        {
            "name": "双色球",
            "code": "2013075",
            "detailsLink": "/c/2013/06/30/382861.shtml",
            "videoLink": "",
            "date": "2013-06-30(日)",
            "week": "日",
            "red": "04,06,09,25,30,33",
            "blue": "14",
            "blue2": "",
            "sales": "358276246",
            "poolmoney": "148151453",
            "content": "共0注。",
            "addmoney": "",
            "addmoney2": "",
            "msg": "",
            "z2add": "",
            "m2add": "",
            "prizegrades": [
                {
                    "type": 1,
                    "typenum": "0",
                    "typemoney": "0"
                },
                {
                    "type": 2,
                    "typenum": "47",
                    "typemoney": "656915"
                },
                {
                    "type": 3,
                    "typenum": "1029",
                    "typemoney": "3000"
                },
                {
                    "type": 4,
                    "typenum": "58145",
                    "typemoney": "200"
                },
                {
                    "type": 5,
                    "typenum": "1242958",
                    "typemoney": "10"
                },
                {
                    "type": 6,
                    "typenum": "9098609",
                    "typemoney": "5"
                },
                {
                    "type": 7,
                    "typenum": "",
                    "typemoney": ""
                }
            ]
        },
        {
            "name": "双色球",
            "code": "2013074",
            "detailsLink": "/c/2013/06/27/382859.shtml",
            "videoLink": "",
            "date": "2013-06-27(四)",
            "week": "四",
            "red": "03,06,08,14,19,32",
            "blue": "03",
            "blue2": "",
            "sales": "320654782",
            "poolmoney": "76109739",
            "content": "黑龙江1注,江西1注,广西1注,共3注。",
            "addmoney": "",
            "addmoney2": "",
            "msg": "",
            "z2add": "",
            "m2add": "",
            "prizegrades": [
                {
                    "type": 1,
                    "typenum": "3",
                    "typemoney": "5000000"
                },
                {
                    "type": 2,
                    "typenum": "101",
                    "typemoney": "253083"
                },
                {
                    "type": 3,
                    "typenum": "1352",
                    "typemoney": "3000"
                },
                {
                    "type": 4,
                    "typenum": "65055",
                    "typemoney": "200"
                },
                {
                    "type": 5,
                    "typenum": "1246689",
                    "typemoney": "10"
                },
                {
                    "type": 6,
                    "typenum": "8476445",
                    "typemoney": "5"
                },
                {
                    "type": 7,
                    "typenum": "",
                    "typemoney": ""
                }
            ]
        },
        {
            "name": "双色球",
            "code": "2013073",
            "detailsLink": "/c/2013/06/25/382743.shtml",
            "videoLink": "",
            "date": "2013-06-25(二)",
            "week": "二",
            "red": "02,09,13,17,20,28",
            "blue": "11",
            "blue2": "",
            "sales": "324559238",
            "poolmoney": "31466432",
            "content": "北京1注,山西4注,辽宁1注,浙江1注,山东2注,重庆1注,湖北1注,广东2注,四川2注,陕西1注,深圳3注,共19注。",
            "addmoney": "",
            "addmoney2": "",
            "msg": "",
            "z2add": "",
            "m2add": "",
            "prizegrades": [
                {
                    "type": 1,
                    "typenum": "19",
                    "typemoney": "5000000"
                },
                {
                    "type": 2,
                    "typenum": "185",
                    "typemoney": "99780"
                },
                {
                    "type": 3,
                    "typenum": "2014",
                    "typemoney": "3000"
                },
                {
                    "type": 4,
                    "typenum": "91067",
                    "typemoney": "200"
                },
                {
                    "type": 5,
                    "typenum": "1507636",
                    "typemoney": "10"
                },
                {
                    "type": 6,
                    "typenum": "11634158",
                    "typemoney": "5"
                },
                {
                    "type": 7,
                    "typenum": "",
                    "typemoney": ""
                }
            ]
        },
        {
            "name": "双色球",
            "code": "2013072",
            "detailsLink": "/c/2013/06/23/382697.shtml",
            "videoLink": "",
            "date": "2013-06-23(日)",
            "week": "日",
            "red": "02,08,11,14,19,33",
            "blue": "09",
            "blue2": "",
            "sales": "351392580",
            "poolmoney": "83394408",
            "content": "河北1注,广东1注,共2注。",
            "addmoney": "",
            "addmoney2": "",
            "msg": "",
            "z2add": "",
            "m2add": "",
            "prizegrades": [
                {
                    "type": 1,
                    "typenum": "2",
                    "typemoney": "5000000"
                },
                {
                    "type": 2,
                    "typenum": "144",
                    "typemoney": "183800"
                },
                {
                    "type": 3,
                    "typenum": "1302",
                    "typemoney": "3000"
                },
                {
                    "type": 4,
                    "typenum": "80365",
                    "typemoney": "200"
                },
                {
                    "type": 5,
                    "typenum": "1599034",
                    "typemoney": "10"
                },
                {
                    "type": 6,
                    "typenum": "9597757",
                    "typemoney": "5"
                },
                {
                    "type": 7,
                    "typenum": "",
                    "typemoney": ""
                }
            ]
        },
        {
            "name": "双色球",
            "code": "2013071",
            "detailsLink": "/c/2013/06/20/382696.shtml",
            "videoLink": "",
            "date": "2013-06-20(四)",
            "week": "四",
            "red": "05,12,21,23,26,28",
            "blue": "09",
            "blue2": "",
            "sales": "311914552",
            "poolmoney": "31637441",
            "content": "河北5注,辽宁1注,上海1注,广东1注,陕西1注,深圳2注,共11注。",
            "addmoney": "",
            "addmoney2": "",
            "msg": "",
            "z2add": "",
            "m2add": "",
            "prizegrades": [
                {
                    "type": 1,
                    "typenum": "11",
                    "typemoney": "5000000"
                },
                {
                    "type": 2,
                    "typenum": "173",
                    "typemoney": "70271"
                },
                {
                    "type": 3,
                    "typenum": "2821",
                    "typemoney": "3000"
                },
                {
                    "type": 4,
                    "typenum": "119306",
                    "typemoney": "200"
                },
                {
                    "type": 5,
                    "typenum": "1769363",
                    "typemoney": "10"
                },
                {
                    "type": 6,
                    "typenum": "12459464",
                    "typemoney": "5"
                },
                {
                    "type": 7,
                    "typenum": "",
                    "typemoney": ""
                }
            ]
        },
        {
            "name": "双色球",
            "code": "2013070",
            "detailsLink": "/c/2013/06/18/382695.shtml",
            "videoLink": "",
            "date": "2013-06-18(二)",
            "week": "二",
            "red": "02,03,09,10,28,30",
            "blue": "06",
            "blue2": "",
            "sales": "296577242",
            "poolmoney": "58271360",
            "content": "北京1注,吉林1注,上海1注,福建1注,江西3注,山东1注,湖南3注,广东1注,陕西1注,共13注。",
            "addmoney": "",
            "addmoney2": "",
            "msg": "中彩中心决定：从双色球调节基金拨出30000000元，注入第2013071期奖池，第2013071期奖池资金原为：28271360.00元,累计金额为：58271360.00元。",
            "z2add": "",
            "m2add": "",
            "prizegrades": [
                {
                    "type": 1,
                    "typenum": "13",
                    "typemoney": "5000000"
                },
                {
                    "type": 2,
                    "typenum": "152",
                    "typemoney": "178396"
                },
                {
                    "type": 3,
                    "typenum": "1085",
                    "typemoney": "3000"
                },
                {
                    "type": 4,
                    "typenum": "60263",
                    "typemoney": "200"
                },
                {
                    "type": 5,
                    "typenum": "1178132",
                    "typemoney": "10"
                },
                {
                    "type": 6,
                    "typenum": "5569252",
                    "typemoney": "5"
                },
                {
                    "type": 7,
                    "typenum": "",
                    "typemoney": ""
                }
            ]
        },
        {
            "name": "双色球",
            "code": "2013069",
            "detailsLink": "/c/2013/06/16/382594.shtml",
            "videoLink": "",
            "date": "2013-06-16(日)",
            "week": "日",
            "red": "07,16,17,18,30,33",
            "blue": "06",
            "blue2": "",
            "sales": "369339396",
            "poolmoney": "30000000",
            "content": "天津1注,河北1注,山东1注,湖北100注,广东1注,四川1注,共105注。",
            "addmoney": "",
            "addmoney2": "",
            "msg": "中彩中心决定：从双色球调节基金拨出30000000元，注入第2013070期奖池，第2013070期奖池资金原为：0元,累计金额为：30000000元。",
            "z2add": "",
            "m2add": "",
            "prizegrades": [
                {
                    "type": 1,
                    "typenum": "105",
                    "typemoney": "2083167"
                },
                {
                    "type": 2,
                    "typenum": "190",
                    "typemoney": "187552"
                },
                {
                    "type": 3,
                    "typenum": "1147",
                    "typemoney": "3000"
                },
                {
                    "type": 4,
                    "typenum": "58665",
                    "typemoney": "200"
                },
                {
                    "type": 5,
                    "typenum": "1142808",
                    "typemoney": "10"
                },
                {
                    "type": 6,
                    "typenum": "7118223",
                    "typemoney": "5"
                },
                {
                    "type": 7,
                    "typenum": "",
                    "typemoney": ""
                }
            ]
        },
        {
            "name": "双色球",
            "code": "2013068",
            "detailsLink": "/c/2013/06/13/382798.shtml",
            "videoLink": "",
            "date": "2013-06-13(四)",
            "week": "四",
            "red": "02,07,13,20,25,27",
            "blue": "06",
            "blue2": "",
            "sales": "329872238",
            "poolmoney": "135584520",
            "content": "安徽1注,广东5注,新疆1注,深圳3注,共10注。",
            "addmoney": "",
            "addmoney2": "",
            "msg": "",
            "z2add": "",
            "m2add": "",
            "prizegrades": [
                {
                    "type": 1,
                    "typenum": "10",
                    "typemoney": "6912312"
                },
                {
                    "type": 2,
                    "typenum": "203",
                    "typemoney": "141303"
                },
                {
                    "type": 3,
                    "typenum": "1234",
                    "typemoney": "3000"
                },
                {
                    "type": 4,
                    "typenum": "66176",
                    "typemoney": "200"
                },
                {
                    "type": 5,
                    "typenum": "1239999",
                    "typemoney": "10"
                },
                {
                    "type": 6,
                    "typenum": "7336919",
                    "typemoney": "5"
                },
                {
                    "type": 7,
                    "typenum": "",
                    "typemoney": ""
                }
            ]
        },
        {
            "name": "双色球",
            "code": "2013067",
            "detailsLink": "/c/2013/06/11/382775.shtml",
            "videoLink": "",
            "date": "2013-06-11(二)",
            "week": "二",
            "red": "01,04,09,15,22,30",
            "blue": "06",
            "blue2": "",
            "sales": "309743864",
            "poolmoney": "137776720",
            "content": "北京1注,山西1注,上海1注,浙江6注,江西1注,山东1注,重庆1注,河南1注,湖南1注,云南2注,共16注。",
            "addmoney": "",
            "addmoney2": "",
            "msg": "",
            "z2add": "",
            "m2add": "",
            "prizegrades": [
                {
                    "type": 1,
                    "typenum": "16",
                    "typemoney": "5889617"
                },
                {
                    "type": 2,
                    "typenum": "163",
                    "typemoney": "130986"
                },
                {
                    "type": 3,
                    "typenum": "1711",
                    "typemoney": "3000"
                },
                {
                    "type": 4,
                    "typenum": "68974",
                    "typemoney": "200"
                },
                {
                    "type": 5,
                    "typenum": "1168530",
                    "typemoney": "10"
                },
                {
                    "type": 6,
                    "typenum": "9998405",
                    "typemoney": "5"
                },
                {
                    "type": 7,
                    "typenum": "",
                    "typemoney": ""
                }
            ]
        },
        {
            "name": "双色球",
            "code": "2013066",
            "detailsLink": "/c/2013/06/09/382787.shtml",
            "videoLink": "",
            "date": "2013-06-09(日)",
            "week": "日",
            "red": "01,03,16,17,20,32",
            "blue": "07",
            "blue2": "",
            "sales": "368087166",
            "poolmoney": "182192048",
            "content": "北京1注,山西1注,内蒙古1注,黑龙江1注,浙江1注,广东2注,广西1注,共8注。",
            "addmoney": "",
            "addmoney2": "",
            "msg": "",
            "z2add": "",
            "m2add": "",
            "prizegrades": [
                {
                    "type": 1,
                    "typenum": "8",
                    "typemoney": "6025818"
                },
                {
                    "type": 2,
                    "typenum": "96",
                    "typemoney": "128227"
                },
                {
                    "type": 3,
                    "typenum": "1512",
                    "typemoney": "3000"
                },
                {
                    "type": 4,
                    "typenum": "83874",
                    "typemoney": "200"
                },
                {
                    "type": 5,
                    "typenum": "1498384",
                    "typemoney": "10"
                },
                {
                    "type": 6,
                    "typenum": "20607068",
                    "typemoney": "5"
                },
                {
                    "type": 7,
                    "typenum": "",
                    "typemoney": ""
                }
            ]
        },
        {
            "name": "双色球",
            "code": "2013065",
            "detailsLink": "/c/2013/06/06/382780.shtml",
            "videoLink": "",
            "date": "2013-06-06(四)",
            "week": "四",
            "red": "07,18,19,23,29,30",
            "blue": "02",
            "blue2": "",
            "sales": "334460176",
            "poolmoney": "201675690",
            "content": "辽宁1注,山东3注,陕西1注,共5注。",
            "addmoney": "",
            "addmoney2": "",
            "msg": "",
            "z2add": "",
            "m2add": "",
            "prizegrades": [
                {
                    "type": 1,
                    "typenum": "5",
                    "typemoney": "9309082"
                },
                {
                    "type": 2,
                    "typenum": "165",
                    "typemoney": "195867"
                },
                {
                    "type": 3,
                    "typenum": "1054",
                    "typemoney": "3000"
                },
                {
                    "type": 4,
                    "typenum": "56070",
                    "typemoney": "200"
                },
                {
                    "type": 5,
                    "typenum": "1129552",
                    "typemoney": "10"
                },
                {
                    "type": 6,
                    "typenum": "6097382",
                    "typemoney": "5"
                },
                {
                    "type": 7,
                    "typenum": "",
                    "typemoney": ""
                }
            ]
        },
        {
            "name": "双色球",
            "code": "2013064",
            "detailsLink": "/c/2013/06/04/382776.shtml",
            "videoLink": "",
            "date": "2013-06-04(二)",
            "week": "二",
            "red": "01,09,13,22,25,32",
            "blue": "12",
            "blue2": "",
            "sales": "328102052",
            "poolmoney": "172812165",
            "content": "北京1注,广东2注,广西1注,海南1注,共5注。",
            "addmoney": "",
            "addmoney2": "",
            "msg": "",
            "z2add": "",
            "m2add": "",
            "prizegrades": [
                {
                    "type": 1,
                    "typenum": "5",
                    "typemoney": "9400977"
                },
                {
                    "type": 2,
                    "typenum": "72",
                    "typemoney": "458435"
                },
                {
                    "type": 3,
                    "typenum": "964",
                    "typemoney": "3000"
                },
                {
                    "type": 4,
                    "typenum": "43634",
                    "typemoney": "200"
                },
                {
                    "type": 5,
                    "typenum": "929158",
                    "typemoney": "10"
                },
                {
                    "type": 6,
                    "typenum": "5967038",
                    "typemoney": "5"
                },
                {
                    "type": 7,
                    "typenum": "",
                    "typemoney": ""
                }
            ]
        },
        {
            "name": "双色球",
            "code": "2013063",
            "detailsLink": "/c/2013/06/02/382794.shtml",
            "videoLink": "",
            "date": "2013-06-02(日)",
            "week": "日",
            "red": "10,15,18,20,23,31",
            "blue": "12",
            "blue2": "",
            "sales": "354390256",
            "poolmoney": "142799949",
            "content": "江苏1注,江西1注,山东1注,共3注。",
            "addmoney": "",
            "addmoney2": "",
            "msg": "",
            "z2add": "",
            "m2add": "",
            "prizegrades": [
                {
                    "type": 1,
                    "typenum": "3",
                    "typemoney": "5000000"
                },
                {
                    "type": 2,
                    "typenum": "84",
                    "typemoney": "380751"
                },
                {
                    "type": 3,
                    "typenum": "872",
                    "typemoney": "3000"
                },
                {
                    "type": 4,
                    "typenum": "47992",
                    "typemoney": "200"
                },
                {
                    "type": 5,
                    "typenum": "1020860",
                    "typemoney": "10"
                },
                {
                    "type": 6,
                    "typenum": "8923548",
                    "typemoney": "5"
                },
                {
                    "type": 7,
                    "typenum": "",
                    "typemoney": ""
                }
            ]
        },
        {
            "name": "双色球",
            "code": "2013062",
            "detailsLink": "/c/2013/05/30/384304.shtml",
            "videoLink": "",
            "date": "2013-05-30(四)",
            "week": "四",
            "red": "01,06,07,19,22,27",
            "blue": "02",
            "blue2": "",
            "sales": "313979568",
            "poolmoney": "83172610",
            "content": "山西1注,湖北1注,共2注。",
            "addmoney": "",
            "addmoney2": "",
            "msg": "",
            "z2add": "",
            "m2add": "",
            "prizegrades": [
                {
                    "type": 1,
                    "typenum": "2",
                    "typemoney": "5000000"
                },
                {
                    "type": 2,
                    "typenum": "102",
                    "typemoney": "265431"
                },
                {
                    "type": 3,
                    "typenum": "1134",
                    "typemoney": "3000"
                },
                {
                    "type": 4,
                    "typenum": "51648",
                    "typemoney": "200"
                },
                {
                    "type": 5,
                    "typenum": "991170",
                    "typemoney": "10"
                },
                {
                    "type": 6,
                    "typenum": "7992020",
                    "typemoney": "5"
                },
                {
                    "type": 7,
                    "typenum": "",
                    "typemoney": ""
                }
            ]
        },
        {
            "name": "双色球",
            "code": "2013061",
            "detailsLink": "/c/2013/05/28/384333.shtml",
            "videoLink": "",
            "date": "2013-05-28(二)",
            "week": "二",
            "red": "05,06,07,12,13,18",
            "blue": "12",
            "blue2": "",
            "sales": "335064726",
            "poolmoney": "30000000",
            "content": "北京1注,河北3注,吉林5注,上海2注,江苏5注,浙江1注,安徽2注,福建1注,江西5注,山东2注,重庆1注,河南2注,湖南2注,广东1注,四川4注,云南2注,甘肃1注,宁夏1注,深圳2注,共43注。",
            "addmoney": "",
            "addmoney2": "",
            "msg": "中彩中心决定：从双色球调节基金拨出30000000元，注入第2013062期奖池，第2013062期奖池资金原为：0元,累计金额为：30000000元。",
            "z2add": "",
            "m2add": "",
            "prizegrades": [
                {
                    "type": 1,
                    "typenum": "43",
                    "typemoney": "3509802"
                },
                {
                    "type": 2,
                    "typenum": "830",
                    "typemoney": "20959"
                },
                {
                    "type": 3,
                    "typenum": "3297",
                    "typemoney": "3000"
                },
                {
                    "type": 4,
                    "typenum": "124581",
                    "typemoney": "200"
                },
                {
                    "type": 5,
                    "typenum": "1720750",
                    "typemoney": "10"
                },
                {
                    "type": 6,
                    "typenum": "10835575",
                    "typemoney": "5"
                },
                {
                    "type": 7,
                    "typenum": "",
                    "typemoney": ""
                }
            ]
        },
        {
            "name": "双色球",
            "code": "2013060",
            "detailsLink": "/c/2013/05/26/384332.shtml",
            "videoLink": "",
            "date": "2013-05-26(日)",
            "week": "日",
            "red": "05,07,10,13,19,20",
            "blue": "15",
            "blue2": "",
            "sales": "368726696",
            "poolmoney": "110329152",
            "content": "北京1注,江苏1注,浙江2注,安徽1注,江西1注,山东1注,青海1注,共8注。",
            "addmoney": "",
            "addmoney2": "",
            "msg": "",
            "z2add": "",
            "m2add": "",
            "prizegrades": [
                {
                    "type": 1,
                    "typenum": "8",
                    "typemoney": "5000000"
                },
                {
                    "type": 2,
                    "typenum": "206",
                    "typemoney": "106307"
                },
                {
                    "type": 3,
                    "typenum": "2025",
                    "typemoney": "3000"
                },
                {
                    "type": 4,
                    "typenum": "107207",
                    "typemoney": "200"
                },
                {
                    "type": 5,
                    "typenum": "1838178",
                    "typemoney": "10"
                },
                {
                    "type": 6,
                    "typenum": "12355951",
                    "typemoney": "5"
                },
                {
                    "type": 7,
                    "typenum": "",
                    "typemoney": ""
                }
            ]
        },
        {
            "name": "双色球",
            "code": "2013059",
            "detailsLink": "/c/2013/05/23/384331.shtml",
            "videoLink": "",
            "date": "2013-05-23(四)",
            "week": "四",
            "red": "03,10,18,24,27,29",
            "blue": "09",
            "blue2": "",
            "sales": "339381758",
            "poolmoney": "99230450",
            "content": "上海2注,江苏1注,浙江1注,山东2注,河南1注,湖北1注,四川1注,云南1注,深圳1注,共11注。",
            "addmoney": "",
            "addmoney2": "",
            "msg": "",
            "z2add": "",
            "m2add": "",
            "prizegrades": [
                {
                    "type": 1,
                    "typenum": "11",
                    "typemoney": "5562668"
                },
                {
                    "type": 2,
                    "typenum": "134",
                    "typemoney": "69283"
                },
                {
                    "type": 3,
                    "typenum": "2713",
                    "typemoney": "3000"
                },
                {
                    "type": 4,
                    "typenum": "113557",
                    "typemoney": "200"
                },
                {
                    "type": 5,
                    "typenum": "1734003",
                    "typemoney": "10"
                },
                {
                    "type": 6,
                    "typenum": "17431969",
                    "typemoney": "5"
                },
                {
                    "type": 7,
                    "typenum": "",
                    "typemoney": ""
                }
            ]
        },
        {
            "name": "双色球",
            "code": "2013058",
            "detailsLink": "/c/2013/05/21/384330.shtml",
            "videoLink": "",
            "date": "2013-05-21(二)",
            "week": "二",
            "red": "08,11,17,21,23,24",
            "blue": "05",
            "blue2": "",
            "sales": "338075776",
            "poolmoney": "138757060",
            "content": "北京10注,辽宁1注,浙江1注,江西1注,共13注。",
            "addmoney": "",
            "addmoney2": "",
            "msg": "",
            "z2add": "",
            "m2add": "",
            "prizegrades": [
                {
                    "type": 1,
                    "typenum": "13",
                    "typemoney": "6573318"
                },
                {
                    "type": 2,
                    "typenum": "243",
                    "typemoney": "126253"
                },
                {
                    "type": 3,
                    "typenum": "1130",
                    "typemoney": "3000"
                },
                {
                    "type": 4,
                    "typenum": "66539",
                    "typemoney": "200"
                },
                {
                    "type": 5,
                    "typenum": "1319685",
                    "typemoney": "10"
                },
                {
                    "type": 6,
                    "typenum": "6699351",
                    "typemoney": "5"
                },
                {
                    "type": 7,
                    "typenum": "",
                    "typemoney": ""
                }
            ]
        },
        {
            "name": "双色球",
            "code": "2013057",
            "detailsLink": "/c/2013/05/19/384329.shtml",
            "videoLink": "",
            "date": "2013-05-19(日)",
            "week": "日",
            "red": "13,16,19,23,26,28",
            "blue": "05",
            "blue2": "",
            "sales": "367207180",
            "poolmoney": "152624208",
            "content": "北京1注,天津1注,辽宁1注,重庆1注,河南1注,四川1注,共6注。",
            "addmoney": "",
            "addmoney2": "",
            "msg": "",
            "z2add": "",
            "m2add": "",
            "prizegrades": [
                {
                    "type": 1,
                    "typenum": "6",
                    "typemoney": "7927462"
                },
                {
                    "type": 2,
                    "typenum": "146",
                    "typemoney": "180460"
                },
                {
                    "type": 3,
                    "typenum": "1613",
                    "typemoney": "3000"
                },
                {
                    "type": 4,
                    "typenum": "67995",
                    "typemoney": "200"
                },
                {
                    "type": 5,
                    "typenum": "1260565",
                    "typemoney": "10"
                },
                {
                    "type": 6,
                    "typenum": "12212798",
                    "typemoney": "5"
                },
                {
                    "type": 7,
                    "typenum": "",
                    "typemoney": ""
                }
            ]
        },
        {
            "name": "双色球",
            "code": "2013056",
            "detailsLink": "/c/2013/05/16/384328.shtml",
            "videoLink": "",
            "date": "2013-05-16(四)",
            "week": "四",
            "red": "03,12,25,26,28,29",
            "blue": "16",
            "blue2": "",
            "sales": "330573576",
            "poolmoney": "138712270",
            "content": "内蒙古1注,福建1注,江西1注,湖南1注,广西1注,共5注。",
            "addmoney": "",
            "addmoney2": "",
            "msg": "",
            "z2add": "",
            "m2add": "",
            "prizegrades": [
                {
                    "type": 1,
                    "typenum": "5",
                    "typemoney": "8816637"
                },
                {
                    "type": 2,
                    "typenum": "88",
                    "typemoney": "325281"
                },
                {
                    "type": 3,
                    "typenum": "1125",
                    "typemoney": "3000"
                },
                {
                    "type": 4,
                    "typenum": "59941",
                    "typemoney": "200"
                },
                {
                    "type": 5,
                    "typenum": "1208527",
                    "typemoney": "10"
                },
                {
                    "type": 6,
                    "typenum": "7823330",
                    "typemoney": "5"
                },
                {
                    "type": 7,
                    "typenum": "",
                    "typemoney": ""
                }
            ]
        },
        {
            "name": "双色球",
            "code": "2013055",
            "detailsLink": "/c/2013/05/14/384327.shtml",
            "videoLink": "",
            "date": "2013-05-14(二)",
            "week": "二",
            "red": "08,18,19,22,27,32",
            "blue": "06",
            "blue2": "",
            "sales": "328924474",
            "poolmoney": "116004306",
            "content": "山西1注,广西5注,共6注。",
            "addmoney": "",
            "addmoney2": "",
            "msg": "",
            "z2add": "",
            "m2add": "",
            "prizegrades": [
                {
                    "type": 1,
                    "typenum": "6",
                    "typemoney": "7991149"
                },
                {
                    "type": 2,
                    "typenum": "97",
                    "typemoney": "277529"
                },
                {
                    "type": 3,
                    "typenum": "1191",
                    "typemoney": "3000"
                },
                {
                    "type": 4,
                    "typenum": "59313",
                    "typemoney": "200"
                },
                {
                    "type": 5,
                    "typenum": "1126970",
                    "typemoney": "10"
                },
                {
                    "type": 6,
                    "typenum": "8946641",
                    "typemoney": "5"
                },
                {
                    "type": 7,
                    "typenum": "",
                    "typemoney": ""
                }
            ]
        },
        {
            "name": "双色球",
            "code": "2013054",
            "detailsLink": "/c/2013/05/12/384326.shtml",
            "videoLink": "",
            "date": "2013-05-12(日)",
            "week": "日",
            "red": "03,04,08,14,21,28",
            "blue": "14",
            "blue2": "",
            "sales": "367209526",
            "poolmoney": "101137064",
            "content": "北京1注,山西1注,安徽1注,山东3注,重庆2注,广东1注,四川1注,云南3注,新疆1注,共14注。",
            "addmoney": "",
            "addmoney2": "",
            "msg": "",
            "z2add": "",
            "m2add": "",
            "prizegrades": [
                {
                    "type": 1,
                    "typenum": "14",
                    "typemoney": "5000000"
                },
                {
                    "type": 2,
                    "typenum": "202",
                    "typemoney": "172767"
                },
                {
                    "type": 3,
                    "typenum": "1400",
                    "typemoney": "3000"
                },
                {
                    "type": 4,
                    "typenum": "65720",
                    "typemoney": "200"
                },
                {
                    "type": 5,
                    "typenum": "1291880",
                    "typemoney": "10"
                },
                {
                    "type": 6,
                    "typenum": "6667892",
                    "typemoney": "5"
                },
                {
                    "type": 7,
                    "typenum": "",
                    "typemoney": ""
                }
            ]
        },
        {
            "name": "双色球",
            "code": "2013053",
            "detailsLink": "/c/2013/05/09/384325.shtml",
            "videoLink": "",
            "date": "2013-05-09(四)",
            "week": "四",
            "red": "03,12,13,22,30,33",
            "blue": "14",
            "blue2": "",
            "sales": "327360018",
            "poolmoney": "89705790",
            "content": "江苏1注,福建2注,湖北1注,甘肃1注,共5注。",
            "addmoney": "",
            "addmoney2": "",
            "msg": "",
            "z2add": "",
            "m2add": "",
            "prizegrades": [
                {
                    "type": 1,
                    "typenum": "5",
                    "typemoney": "5000000"
                },
                {
                    "type": 2,
                    "typenum": "132",
                    "typemoney": "215385"
                },
                {
                    "type": 3,
                    "typenum": "1324",
                    "typemoney": "3000"
                },
                {
                    "type": 4,
                    "typenum": "64790",
                    "typemoney": "200"
                },
                {
                    "type": 5,
                    "typenum": "1151837",
                    "typemoney": "10"
                },
                {
                    "type": 6,
                    "typenum": "7437676",
                    "typemoney": "5"
                },
                {
                    "type": 7,
                    "typenum": "",
                    "typemoney": ""
                }
            ]
        },
        {
            "name": "双色球",
            "code": "2013052",
            "detailsLink": "/c/2013/05/07/384324.shtml",
            "videoLink": "",
            "date": "2013-05-07(二)",
            "week": "二",
            "red": "06,07,14,21,22,24",
            "blue": "13",
            "blue2": "",
            "sales": "320719928",
            "poolmoney": "48367032",
            "content": "北京2注,辽宁1注,黑龙江1注,广东1注,广西1注,陕西1注,甘肃1注,共8注。",
            "addmoney": "",
            "addmoney2": "",
            "msg": "",
            "z2add": "",
            "m2add": "",
            "prizegrades": [
                {
                    "type": 1,
                    "typenum": "8",
                    "typemoney": "5000000"
                },
                {
                    "type": 2,
                    "typenum": "104",
                    "typemoney": "240523"
                },
                {
                    "type": 3,
                    "typenum": "1164",
                    "typemoney": "3000"
                },
                {
                    "type": 4,
                    "typenum": "59758",
                    "typemoney": "200"
                },
                {
                    "type": 5,
                    "typenum": "1096383",
                    "typemoney": "10"
                },
                {
                    "type": 6,
                    "typenum": "9472772",
                    "typemoney": "5"
                },
                {
                    "type": 7,
                    "typenum": "",
                    "typemoney": ""
                }
            ]
        },
        {
            "name": "双色球",
            "code": "2013051",
            "detailsLink": "/c/2013/05/05/384323.shtml",
            "videoLink": "",
            "date": "2013-05-05(日)",
            "week": "日",
            "red": "08,12,15,19,28,29",
            "blue": "02",
            "blue2": "",
            "sales": "377856082",
            "poolmoney": "30000000",
            "content": "天津1注,内蒙古1注,上海1注,江苏4注,安徽1注,福建1注,山东2注,湖北1注,广东1注,海南1注,贵州1注,云南15注,陕西1注,青海1注,深圳1注,共33注。",
            "addmoney": "",
            "addmoney2": "",
            "msg": "中彩中心决定：从双色球调节基金拨出30000000元，注入第2013052期奖池，第2013052期奖池资金原为：0元,累计金额为：30000000元。",
            "z2add": "",
            "m2add": "",
            "prizegrades": [
                {
                    "type": 1,
                    "typenum": "33",
                    "typemoney": "5479124"
                },
                {
                    "type": 2,
                    "typenum": "450",
                    "typemoney": "61706"
                },
                {
                    "type": 3,
                    "typenum": "2151",
                    "typemoney": "3000"
                },
                {
                    "type": 4,
                    "typenum": "118908",
                    "typemoney": "200"
                },
                {
                    "type": 5,
                    "typenum": "2130642",
                    "typemoney": "10"
                },
                {
                    "type": 6,
                    "typenum": "8209600",
                    "typemoney": "5"
                },
                {
                    "type": 7,
                    "typenum": "",
                    "typemoney": ""
                }
            ]
        },
        {
            "name": "双色球",
            "code": "2013050",
            "detailsLink": "/c/2013/05/02/384322.shtml",
            "videoLink": "",
            "date": "2013-05-02(四)",
            "week": "四",
            "red": "03,07,13,18,22,25",
            "blue": "03",
            "blue2": "",
            "sales": "331969178",
            "poolmoney": "116018802",
            "content": "内蒙古1注,上海1注,浙江1注,山东1注,湖北1注,湖南2注,广东1注,四川1注,共9注。",
            "addmoney": "",
            "addmoney2": "",
            "msg": "",
            "z2add": "",
            "m2add": "",
            "prizegrades": [
                {
                    "type": 1,
                    "typenum": "9",
                    "typemoney": "7054027"
                },
                {
                    "type": 2,
                    "typenum": "228",
                    "typemoney": "121620"
                },
                {
                    "type": 3,
                    "typenum": "1244",
                    "typemoney": "3000"
                },
                {
                    "type": 4,
                    "typenum": "68648",
                    "typemoney": "200"
                },
                {
                    "type": 5,
                    "typenum": "1269744",
                    "typemoney": "10"
                },
                {
                    "type": 6,
                    "typenum": "8014925",
                    "typemoney": "5"
                },
                {
                    "type": 7,
                    "typenum": "",
                    "typemoney": ""
                }
            ]
        },
        {
            "name": "双色球",
            "code": "2013049",
            "detailsLink": "/c/2013/04/30/384321.shtml",
            "videoLink": "",
            "date": "2013-04-30(二)",
            "week": "二",
            "red": "10,13,14,16,21,32",
            "blue": "14",
            "blue2": "",
            "sales": "295889902",
            "poolmoney": "114803190",
            "content": "山东1注,云南1注,共2注。",
            "addmoney": "",
            "addmoney2": "",
            "msg": "",
            "z2add": "",
            "m2add": "",
            "prizegrades": [
                {
                    "type": 1,
                    "typenum": "2",
                    "typemoney": "5000000"
                },
                {
                    "type": 2,
                    "typenum": "41",
                    "typemoney": "727853"
                },
                {
                    "type": 3,
                    "typenum": "548",
                    "typemoney": "3000"
                },
                {
                    "type": 4,
                    "typenum": "32359",
                    "typemoney": "200"
                },
                {
                    "type": 5,
                    "typenum": "715078",
                    "typemoney": "10"
                },
                {
                    "type": 6,
                    "typenum": "6049233",
                    "typemoney": "5"
                },
                {
                    "type": 7,
                    "typenum": "",
                    "typemoney": ""
                }
            ]
        },
        {
            "name": "双色球",
            "code": "2013048",
            "detailsLink": "/c/2013/04/28/384320.shtml",
            "videoLink": "",
            "date": "2013-04-28(日)",
            "week": "日",
            "red": "10,13,17,28,30,32",
            "blue": "04",
            "blue2": "",
            "sales": "379712106",
            "poolmoney": "55171877",
            "content": "天津1注,河南34注,湖北1注,四川1注,共37注。",
            "addmoney": "",
            "addmoney2": "",
            "msg": "中彩中心决定：从双色球调节基金拨出30000000元，注入第2013049期奖池，第2013049期奖池资金原为：25171877.00元,累计金额为：55171877.00元。",
            "z2add": "",
            "m2add": "",
            "prizegrades": [
                {
                    "type": 1,
                    "typenum": "37",
                    "typemoney": "5456927"
                },
                {
                    "type": 2,
                    "typenum": "119",
                    "typemoney": "213104"
                },
                {
                    "type": 3,
                    "typenum": "1411",
                    "typemoney": "3000"
                },
                {
                    "type": 4,
                    "typenum": "76513",
                    "typemoney": "200"
                },
                {
                    "type": 5,
                    "typenum": "1488958",
                    "typemoney": "10"
                },
                {
                    "type": 6,
                    "typenum": "13420432",
                    "typemoney": "5"
                },
                {
                    "type": 7,
                    "typenum": "",
                    "typemoney": ""
                }
            ]
        },
        {
            "name": "双色球",
            "code": "2013047",
            "detailsLink": "/c/2013/04/25/384319.shtml",
            "videoLink": "",
            "date": "2013-04-25(四)",
            "week": "四",
            "red": "01,08,11,17,27,30",
            "blue": "12",
            "blue2": "",
            "sales": "347274348",
            "poolmoney": "167906106",
            "content": "山东1注,河南1注,广东2注,陕西1注,甘肃1注,共6注。",
            "addmoney": "",
            "addmoney2": "",
            "msg": "",
            "z2add": "",
            "m2add": "",
            "prizegrades": [
                {
                    "type": 1,
                    "typenum": "6",
                    "typemoney": "8654750"
                },
                {
                    "type": 2,
                    "typenum": "116",
                    "typemoney": "283558"
                },
                {
                    "type": 3,
                    "typenum": "1074",
                    "typemoney": "3000"
                },
                {
                    "type": 4,
                    "typenum": "58083",
                    "typemoney": "200"
                },
                {
                    "type": 5,
                    "typenum": "1191022",
                    "typemoney": "10"
                },
                {
                    "type": 6,
                    "typenum": "6754618",
                    "typemoney": "5"
                },
                {
                    "type": 7,
                    "typenum": "",
                    "typemoney": ""
                }
            ]
        },
        {
            "name": "双色球",
            "code": "2013046",
            "detailsLink": "/c/2013/04/23/384348.shtml",
            "videoLink": "",
            "date": "2013-04-23(二)",
            "week": "二",
            "red": "03,16,19,20,24,26",
            "blue": "06",
            "blue2": "",
            "sales": "352094234",
            "poolmoney": "143084851",
            "content": "山西1注,辽宁1注,上海1注,浙江2注,江西1注,广东1注,共7注。",
            "addmoney": "",
            "addmoney2": "",
            "msg": "",
            "z2add": "",
            "m2add": "",
            "prizegrades": [
                {
                    "type": 1,
                    "typenum": "7",
                    "typemoney": "8147262"
                },
                {
                    "type": 2,
                    "typenum": "95",
                    "typemoney": "347855"
                },
                {
                    "type": 3,
                    "typenum": "1026",
                    "typemoney": "3000"
                },
                {
                    "type": 4,
                    "typenum": "52058",
                    "typemoney": "200"
                },
                {
                    "type": 5,
                    "typenum": "1114872",
                    "typemoney": "10"
                },
                {
                    "type": 6,
                    "typenum": "7546732",
                    "typemoney": "5"
                },
                {
                    "type": 7,
                    "typenum": "",
                    "typemoney": ""
                }
            ]
        },
        {
            "name": "双色球",
            "code": "2013045",
            "detailsLink": "/c/2013/04/21/384347.shtml",
            "videoLink": "",
            "date": "2013-04-21(日)",
            "week": "日",
            "red": "06,07,08,14,23,31",
            "blue": "12",
            "blue2": "",
            "sales": "389847482",
            "poolmoney": "123007759",
            "content": "辽宁2注,山东1注,广西1注,云南1注,陕西1注,深圳1注,共7注。",
            "addmoney": "",
            "addmoney2": "",
            "msg": "",
            "z2add": "",
            "m2add": "",
            "prizegrades": [
                {
                    "type": 1,
                    "typenum": "7",
                    "typemoney": "7557675"
                },
                {
                    "type": 2,
                    "typenum": "138",
                    "typemoney": "194605"
                },
                {
                    "type": 3,
                    "typenum": "1692",
                    "typemoney": "3000"
                },
                {
                    "type": 4,
                    "typenum": "87002",
                    "typemoney": "200"
                },
                {
                    "type": 5,
                    "typenum": "1553736",
                    "typemoney": "10"
                },
                {
                    "type": 6,
                    "typenum": "12698576",
                    "typemoney": "5"
                },
                {
                    "type": 7,
                    "typenum": "",
                    "typemoney": ""
                }
            ]
        },
        {
            "name": "双色球",
            "code": "2013044",
            "detailsLink": "/c/2013/04/18/384346.shtml",
            "videoLink": "",
            "date": "2013-04-18(四)",
            "week": "四",
            "red": "03,05,11,18,26,28",
            "blue": "06",
            "blue2": "",
            "sales": "355471956",
            "poolmoney": "113248452",
            "content": "内蒙古1注,黑龙江2注,上海1注,重庆1注,湖北3注,湖南1注,海南1注,四川1注,陕西1注,共12注。",
            "addmoney": "",
            "addmoney2": "",
            "msg": "",
            "z2add": "",
            "m2add": "",
            "prizegrades": [
                {
                    "type": 1,
                    "typenum": "12",
                    "typemoney": "6411138"
                },
                {
                    "type": 2,
                    "typenum": "337",
                    "typemoney": "75372"
                },
                {
                    "type": 3,
                    "typenum": "2143",
                    "typemoney": "3000"
                },
                {
                    "type": 4,
                    "typenum": "109323",
                    "typemoney": "200"
                },
                {
                    "type": 5,
                    "typenum": "1878419",
                    "typemoney": "10"
                },
                {
                    "type": 6,
                    "typenum": "8487034",
                    "typemoney": "5"
                },
                {
                    "type": 7,
                    "typenum": "",
                    "typemoney": ""
                }
            ]
        },
        {
            "name": "双色球",
            "code": "2013043",
            "detailsLink": "/c/2013/04/16/384345.shtml",
            "videoLink": "",
            "date": "2013-04-16(二)",
            "week": "二",
            "red": "03,06,14,15,17,25",
            "blue": "16",
            "blue2": "",
            "sales": "358568922",
            "poolmoney": "130914304",
            "content": "北京1注,内蒙古1注,吉林1注,黑龙江2注,江苏1注,安徽2注,福建1注,山东1注,重庆1注,湖北1注,四川3注,陕西1注,共16注。",
            "addmoney": "",
            "addmoney2": "",
            "msg": "",
            "z2add": "",
            "m2add": "",
            "prizegrades": [
                {
                    "type": 1,
                    "typenum": "16",
                    "typemoney": "5481602"
                },
                {
                    "type": 2,
                    "typenum": "247",
                    "typemoney": "46795"
                },
                {
                    "type": 3,
                    "typenum": "3092",
                    "typemoney": "3000"
                },
                {
                    "type": 4,
                    "typenum": "133198",
                    "typemoney": "200"
                },
                {
                    "type": 5,
                    "typenum": "2120374",
                    "typemoney": "10"
                },
                {
                    "type": 6,
                    "typenum": "16010254",
                    "typemoney": "5"
                },
                {
                    "type": 7,
                    "typenum": "",
                    "typemoney": ""
                }
            ]
        },
        {
            "name": "双色球",
            "code": "2013042",
            "detailsLink": "/c/2013/04/14/384344.shtml",
            "videoLink": "",
            "date": "2013-04-14(日)",
            "week": "日",
            "red": "01,08,12,13,15,33",
            "blue": "03",
            "blue2": "",
            "sales": "396763590",
            "poolmoney": "191650228",
            "content": "北京1注,江苏1注,福建1注,湖南1注,广东1注,四川2注,共7注。",
            "addmoney": "",
            "addmoney2": "",
            "msg": "",
            "z2add": "",
            "m2add": "",
            "prizegrades": [
                {
                    "type": 1,
                    "typenum": "7",
                    "typemoney": "8484594"
                },
                {
                    "type": 2,
                    "typenum": "131",
                    "typemoney": "279299"
                },
                {
                    "type": 3,
                    "typenum": "973",
                    "typemoney": "3000"
                },
                {
                    "type": 4,
                    "typenum": "54934",
                    "typemoney": "200"
                },
                {
                    "type": 5,
                    "typenum": "1142444",
                    "typemoney": "10"
                },
                {
                    "type": 6,
                    "typenum": "9424624",
                    "typemoney": "5"
                },
                {
                    "type": 7,
                    "typenum": "",
                    "typemoney": ""
                }
            ]
        },
        {
            "name": "双色球",
            "code": "2013041",
            "detailsLink": "/c/2013/04/11/384343.shtml",
            "videoLink": "",
            "date": "2013-04-11(四)",
            "week": "四",
            "red": "02,10,12,17,23,24",
            "blue": "05",
            "blue2": "",
            "sales": "358260706",
            "poolmoney": "165669831",
            "content": "江苏1注,广西1注,新疆1注,共3注。",
            "addmoney": "",
            "addmoney2": "",
            "msg": "",
            "z2add": "",
            "m2add": "",
            "prizegrades": [
                {
                    "type": 1,
                    "typenum": "3",
                    "typemoney": "10000000"
                },
                {
                    "type": 2,
                    "typenum": "295",
                    "typemoney": "88126"
                },
                {
                    "type": 3,
                    "typenum": "1112",
                    "typemoney": "3000"
                },
                {
                    "type": 4,
                    "typenum": "64469",
                    "typemoney": "200"
                },
                {
                    "type": 5,
                    "typenum": "1179623",
                    "typemoney": "10"
                },
                {
                    "type": 6,
                    "typenum": "12172839",
                    "typemoney": "5"
                },
                {
                    "type": 7,
                    "typenum": "",
                    "typemoney": ""
                }
            ]
        },
        {
            "name": "双色球",
            "code": "2013040",
            "detailsLink": "/c/2013/04/09/384342.shtml",
            "videoLink": "",
            "date": "2013-04-09(二)",
            "week": "二",
            "red": "02,04,10,12,17,30",
            "blue": "10",
            "blue2": "",
            "sales": "352650578",
            "poolmoney": "135009567",
            "content": "山西1注,辽宁2注,江苏1注,安徽1注,重庆1注,湖南2注,广东2注,广西1注,共11注。",
            "addmoney": "",
            "addmoney2": "",
            "msg": "",
            "z2add": "",
            "m2add": "",
            "prizegrades": [
                {
                    "type": 1,
                    "typenum": "11",
                    "typemoney": "6144278"
                },
                {
                    "type": 2,
                    "typenum": "125",
                    "typemoney": "151044"
                },
                {
                    "type": 3,
                    "typenum": "1878",
                    "typemoney": "3000"
                },
                {
                    "type": 4,
                    "typenum": "86862",
                    "typemoney": "200"
                },
                {
                    "type": 5,
                    "typenum": "1493165",
                    "typemoney": "10"
                },
                {
                    "type": 6,
                    "typenum": "14385082",
                    "typemoney": "5"
                },
                {
                    "type": 7,
                    "typenum": "",
                    "typemoney": ""
                }
            ]
        },
        {
            "name": "双色球",
            "code": "2013039",
            "detailsLink": "/c/2013/04/07/384341.shtml",
            "videoLink": "",
            "date": "2013-04-07(日)",
            "week": "日",
            "red": "01,02,14,15,24,29",
            "blue": "06",
            "blue2": "",
            "sales": "390740078",
            "poolmoney": "158541908",
            "content": "河北1注,辽宁1注,江苏1注,浙江1注,安徽1注,重庆1注,陕西1注,共7注。",
            "addmoney": "",
            "addmoney2": "",
            "msg": "",
            "z2add": "",
            "m2add": "",
            "prizegrades": [
                {
                    "type": 1,
                    "typenum": "7",
                    "typemoney": "8030721"
                },
                {
                    "type": 2,
                    "typenum": "94",
                    "typemoney": "338538"
                },
                {
                    "type": 3,
                    "typenum": "1117",
                    "typemoney": "3000"
                },
                {
                    "type": 4,
                    "typenum": "56759",
                    "typemoney": "200"
                },
                {
                    "type": 5,
                    "typenum": "1093692",
                    "typemoney": "10"
                },
                {
                    "type": 6,
                    "typenum": "11949535",
                    "typemoney": "5"
                },
                {
                    "type": 7,
                    "typenum": "",
                    "typemoney": ""
                }
            ]
        },
        {
            "name": "双色球",
            "code": "2013038",
            "detailsLink": "/c/2013/04/04/384340.shtml",
            "videoLink": "",
            "date": "2013-04-04(四)",
            "week": "四",
            "red": "09,10,12,14,15,19",
            "blue": "11",
            "blue2": "",
            "sales": "328400842",
            "poolmoney": "140504290",
            "content": "河北1注,吉林1注,上海1注,浙江1注,河南1注,共5注。",
            "addmoney": "",
            "addmoney2": "",
            "msg": "",
            "z2add": "",
            "m2add": "",
            "prizegrades": [
                {
                    "type": 1,
                    "typenum": "5",
                    "typemoney": "8453347"
                },
                {
                    "type": 2,
                    "typenum": "95",
                    "typemoney": "272632"
                },
                {
                    "type": 3,
                    "typenum": "1118",
                    "typemoney": "3000"
                },
                {
                    "type": 4,
                    "typenum": "51887",
                    "typemoney": "200"
                },
                {
                    "type": 5,
                    "typenum": "1051034",
                    "typemoney": "10"
                },
                {
                    "type": 6,
                    "typenum": "10068198",
                    "typemoney": "5"
                },
                {
                    "type": 7,
                    "typenum": "",
                    "typemoney": ""
                }
            ]
        },
        {
            "name": "双色球",
            "code": "2013037",
            "detailsLink": "/c/2013/04/02/384339.shtml",
            "videoLink": "",
            "date": "2013-04-02(二)",
            "week": "二",
            "red": "02,15,18,27,28,32",
            "blue": "14",
            "blue2": "",
            "sales": "350336028",
            "poolmoney": "122337450",
            "content": "河北1注,黑龙江1注,浙江1注,福建1注,山东1注,河南1注,共6注。",
            "addmoney": "",
            "addmoney2": "",
            "msg": "",
            "z2add": "",
            "m2add": "",
            "prizegrades": [
                {
                    "type": 1,
                    "typenum": "6",
                    "typemoney": "7287992"
                },
                {
                    "type": 2,
                    "typenum": "157",
                    "typemoney": "131158"
                },
                {
                    "type": 3,
                    "typenum": "2363",
                    "typemoney": "3000"
                },
                {
                    "type": 4,
                    "typenum": "113898",
                    "typemoney": "200"
                },
                {
                    "type": 5,
                    "typenum": "1850951",
                    "typemoney": "10"
                },
                {
                    "type": 6,
                    "typenum": "10929355",
                    "typemoney": "5"
                },
                {
                    "type": 7,
                    "typenum": "",
                    "typemoney": ""
                }
            ]
        },
        {
            "name": "双色球",
            "code": "2013036",
            "detailsLink": "/c/2013/03/31/384338.shtml",
            "videoLink": "",
            "date": "2013-03-31(日)",
            "week": "日",
            "red": "04,05,09,27,29,31",
            "blue": "13",
            "blue2": "",
            "sales": "393497514",
            "poolmoney": "118017567",
            "content": "北京1注,辽宁1注,江苏2注,安徽1注,广东2注,贵州1注,新疆1注,共9注。",
            "addmoney": "",
            "addmoney2": "",
            "msg": "",
            "z2add": "",
            "m2add": "",
            "prizegrades": [
                {
                    "type": 1,
                    "typenum": "9",
                    "typemoney": "7536121"
                },
                {
                    "type": 2,
                    "typenum": "182",
                    "typemoney": "188118"
                },
                {
                    "type": 3,
                    "typenum": "1506",
                    "typemoney": "3000"
                },
                {
                    "type": 4,
                    "typenum": "80421",
                    "typemoney": "200"
                },
                {
                    "type": 5,
                    "typenum": "1585260",
                    "typemoney": "10"
                },
                {
                    "type": 6,
                    "typenum": "8446705",
                    "typemoney": "5"
                },
                {
                    "type": 7,
                    "typenum": "",
                    "typemoney": ""
                }
            ]
        },
        {
            "name": "双色球",
            "code": "2013035",
            "detailsLink": "/c/2013/03/28/384337.shtml",
            "videoLink": "",
            "date": "2013-03-28(四)",
            "week": "四",
            "red": "01,14,15,17,26,30",
            "blue": "02",
            "blue2": "",
            "sales": "351498872",
            "poolmoney": "105954843",
            "content": "浙江1注,湖北1注,广西1注,共3注。",
            "addmoney": "",
            "addmoney2": "",
            "msg": "",
            "z2add": "",
            "m2add": "",
            "prizegrades": [
                {
                    "type": 1,
                    "typenum": "3",
                    "typemoney": "5000000"
                },
                {
                    "type": 2,
                    "typenum": "78",
                    "typemoney": "405085"
                },
                {
                    "type": 3,
                    "typenum": "911",
                    "typemoney": "3000"
                },
                {
                    "type": 4,
                    "typenum": "49842",
                    "typemoney": "200"
                },
                {
                    "type": 5,
                    "typenum": "1000154",
                    "typemoney": "10"
                },
                {
                    "type": 6,
                    "typenum": "8841877",
                    "typemoney": "5"
                },
                {
                    "type": 7,
                    "typenum": "",
                    "typemoney": ""
                }
            ]
        },
        {
            "name": "双色球",
            "code": "2013034",
            "detailsLink": "/c/2013/03/26/384336.shtml",
            "videoLink": "",
            "date": "2013-03-26(二)",
            "week": "二",
            "red": "06,15,20,22,26,33",
            "blue": "09",
            "blue2": "",
            "sales": "339315898",
            "poolmoney": "47229360",
            "content": "江苏4注,福建2注,河南2注,共8注。",
            "addmoney": "",
            "addmoney2": "",
            "msg": "",
            "z2add": "",
            "m2add": "",
            "prizegrades": [
                {
                    "type": 1,
                    "typenum": "8",
                    "typemoney": "5000000"
                },
                {
                    "type": 2,
                    "typenum": "83",
                    "typemoney": "273693"
                },
                {
                    "type": 3,
                    "typenum": "1218",
                    "typemoney": "3000"
                },
                {
                    "type": 4,
                    "typenum": "61286",
                    "typemoney": "200"
                },
                {
                    "type": 5,
                    "typenum": "1157283",
                    "typemoney": "10"
                },
                {
                    "type": 6,
                    "typenum": "12611799",
                    "typemoney": "5"
                },
                {
                    "type": 7,
                    "typenum": "",
                    "typemoney": ""
                }
            ]
        },
        {
            "name": "双色球",
            "code": "2013033",
            "detailsLink": "/c/2013/03/24/384335.shtml",
            "videoLink": "",
            "date": "2013-03-24(日)",
            "week": "日",
            "red": "05,06,13,17,19,28",
            "blue": "01",
            "blue2": "",
            "sales": "397248028",
            "poolmoney": "34224132",
            "content": "北京1注,辽宁1注,江苏2注,浙江1注,山东3注,河南1注,广东21注,广西11注,四川1注,贵州1注,宁夏1注,共44注。",
            "addmoney": "",
            "addmoney2": "",
            "msg": "中彩中心决定：从双色球调节基金拨出30000000元，注入第2013034期奖池，第2013034期奖池资金原为：4224132.00元,累计金额为：34224132.00元。",
            "z2add": "",
            "m2add": "",
            "prizegrades": [
                {
                    "type": 1,
                    "typenum": "44",
                    "typemoney": "5355031"
                },
                {
                    "type": 2,
                    "typenum": "567",
                    "typemoney": "41326"
                },
                {
                    "type": 3,
                    "typenum": "3539",
                    "typemoney": "3000"
                },
                {
                    "type": 4,
                    "typenum": "154469",
                    "typemoney": "200"
                },
                {
                    "type": 5,
                    "typenum": "2272792",
                    "typemoney": "10"
                },
                {
                    "type": 6,
                    "typenum": "10461193",
                    "typemoney": "5"
                },
                {
                    "type": 7,
                    "typenum": "",
                    "typemoney": ""
                }
            ]
        },
        {
            "name": "双色球",
            "code": "2013032",
            "detailsLink": "/c/2013/03/21/384334.shtml",
            "videoLink": "",
            "date": "2013-03-21(四)",
            "week": "四",
            "red": "04,21,25,29,30,33",
            "blue": "03",
            "blue2": "",
            "sales": "365616360",
            "poolmoney": "185170708",
            "content": "天津1注,江苏1注,共2注。",
            "addmoney": "",
            "addmoney2": "",
            "msg": "",
            "z2add": "",
            "m2add": "",
            "prizegrades": [
                {
                    "type": 1,
                    "typenum": "2",
                    "typemoney": "10000000"
                },
                {
                    "type": 2,
                    "typenum": "68",
                    "typemoney": "438576"
                },
                {
                    "type": 3,
                    "typenum": "1043",
                    "typemoney": "3000"
                },
                {
                    "type": 4,
                    "typenum": "55516",
                    "typemoney": "200"
                },
                {
                    "type": 5,
                    "typenum": "1043488",
                    "typemoney": "10"
                },
                {
                    "type": 6,
                    "typenum": "11014833",
                    "typemoney": "5"
                },
                {
                    "type": 7,
                    "typenum": "",
                    "typemoney": ""
                }
            ]
        },
        {
            "name": "双色球",
            "code": "2013031",
            "detailsLink": "/c/2013/03/19/384363.shtml",
            "videoLink": "",
            "date": "2013-03-19(二)",
            "week": "二",
            "red": "03,13,14,15,21,33",
            "blue": "03",
            "blue2": "",
            "sales": "365951410",
            "poolmoney": "135583170",
            "content": "内蒙古1注,浙江2注,安徽1注,湖北2注,广东1注,四川1注,云南1注,青海1注,共10注。",
            "addmoney": "",
            "addmoney2": "",
            "msg": "",
            "z2add": "",
            "m2add": "",
            "prizegrades": [
                {
                    "type": 1,
                    "typenum": "10",
                    "typemoney": "6553055"
                },
                {
                    "type": 2,
                    "typenum": "125",
                    "typemoney": "186366"
                },
                {
                    "type": 3,
                    "typenum": "2364",
                    "typemoney": "3000"
                },
                {
                    "type": 4,
                    "typenum": "91992",
                    "typemoney": "200"
                },
                {
                    "type": 5,
                    "typenum": "1487883",
                    "typemoney": "10"
                },
                {
                    "type": 6,
                    "typenum": "12258836",
                    "typemoney": "5"
                },
                {
                    "type": 7,
                    "typenum": "",
                    "typemoney": ""
                }
            ]
        },
        {
            "name": "双色球",
            "code": "2013030",
            "detailsLink": "/c/2013/03/17/384362.shtml",
            "videoLink": "",
            "date": "2013-03-17(日)",
            "week": "日",
            "red": "07,14,18,25,26,29",
            "blue": "06",
            "blue2": "",
            "sales": "405193314",
            "poolmoney": "146756785",
            "content": "天津1注,内蒙古1注,吉林1注,山东1注,湖北1注,四川1注,云南1注,共7注。",
            "addmoney": "",
            "addmoney2": "",
            "msg": "",
            "z2add": "",
            "m2add": "",
            "prizegrades": [
                {
                    "type": 1,
                    "typenum": "7",
                    "typemoney": "7771195"
                },
                {
                    "type": 2,
                    "typenum": "140",
                    "typemoney": "207839"
                },
                {
                    "type": 3,
                    "typenum": "1797",
                    "typemoney": "3000"
                },
                {
                    "type": 4,
                    "typenum": "80229",
                    "typemoney": "200"
                },
                {
                    "type": 5,
                    "typenum": "1430574",
                    "typemoney": "10"
                },
                {
                    "type": 6,
                    "typenum": "13162068",
                    "typemoney": "5"
                },
                {
                    "type": 7,
                    "typenum": "",
                    "typemoney": ""
                }
            ]
        },
        {
            "name": "双色球",
            "code": "2013029",
            "detailsLink": "/c/2013/03/14/384361.shtml",
            "videoLink": "",
            "date": "2013-03-14(四)",
            "week": "四",
            "red": "06,07,10,19,23,29",
            "blue": "12",
            "blue2": "",
            "sales": "367189222",
            "poolmoney": "133260864",
            "content": "山西2注,内蒙古1注,广东5注,海南2注,四川1注,陕西1注,共12注。",
            "addmoney": "",
            "addmoney2": "",
            "msg": "",
            "z2add": "",
            "m2add": "",
            "prizegrades": [
                {
                    "type": 1,
                    "typenum": "12",
                    "typemoney": "6611365"
                },
                {
                    "type": 2,
                    "typenum": "473",
                    "typemoney": "61320"
                },
                {
                    "type": 3,
                    "typenum": "1710",
                    "typemoney": "3000"
                },
                {
                    "type": 4,
                    "typenum": "110261",
                    "typemoney": "200"
                },
                {
                    "type": 5,
                    "typenum": "1948423",
                    "typemoney": "10"
                },
                {
                    "type": 6,
                    "typenum": "7314877",
                    "typemoney": "5"
                },
                {
                    "type": 7,
                    "typenum": "",
                    "typemoney": ""
                }
            ]
        },
        {
            "name": "双色球",
            "code": "2013028",
            "detailsLink": "/c/2013/03/12/384360.shtml",
            "videoLink": "",
            "date": "2013-03-12(二)",
            "week": "二",
            "red": "07,08,14,25,26,28",
            "blue": "13",
            "blue2": "",
            "sales": "363477764",
            "poolmoney": "144919914",
            "content": "辽宁2注,福建1注,江西1注,山东1注,贵州1注,共6注。",
            "addmoney": "",
            "addmoney2": "",
            "msg": "",
            "z2add": "",
            "m2add": "",
            "prizegrades": [
                {
                    "type": 1,
                    "typenum": "6",
                    "typemoney": "7577370"
                },
                {
                    "type": 2,
                    "typenum": "149",
                    "typemoney": "155680"
                },
                {
                    "type": 3,
                    "typenum": "1961",
                    "typemoney": "3000"
                },
                {
                    "type": 4,
                    "typenum": "98956",
                    "typemoney": "200"
                },
                {
                    "type": 5,
                    "typenum": "1725586",
                    "typemoney": "10"
                },
                {
                    "type": 6,
                    "typenum": "11570584",
                    "typemoney": "5"
                },
                {
                    "type": 7,
                    "typenum": "",
                    "typemoney": ""
                }
            ]
        },
        {
            "name": "双色球",
            "code": "2013027",
            "detailsLink": "/c/2013/03/10/384359.shtml",
            "videoLink": "",
            "date": "2013-03-10(日)",
            "week": "日",
            "red": "01,02,04,12,21,24",
            "blue": "12",
            "blue2": "",
            "sales": "401897672",
            "poolmoney": "136259354",
            "content": "内蒙古1注,黑龙江1注,上海1注,重庆1注,湖北1注,广西1注,四川1注,贵州1注,云南1注,甘肃1注,青海1注,共11注。",
            "addmoney": "",
            "addmoney2": "",
            "msg": "",
            "z2add": "",
            "m2add": "",
            "prizegrades": [
                {
                    "type": 1,
                    "typenum": "11",
                    "typemoney": "6848640"
                },
                {
                    "type": 2,
                    "typenum": "126",
                    "typemoney": "242083"
                },
                {
                    "type": 3,
                    "typenum": "1437",
                    "typemoney": "3000"
                },
                {
                    "type": 4,
                    "typenum": "69563",
                    "typemoney": "200"
                },
                {
                    "type": 5,
                    "typenum": "1271301",
                    "typemoney": "10"
                },
                {
                    "type": 6,
                    "typenum": "12863605",
                    "typemoney": "5"
                },
                {
                    "type": 7,
                    "typenum": "",
                    "typemoney": ""
                }
            ]
        },
        {
            "name": "双色球",
            "code": "2013026",
            "detailsLink": "/c/2013/03/07/384358.shtml",
            "videoLink": "",
            "date": "2013-03-07(四)",
            "week": "四",
            "red": "04,11,14,15,22,31",
            "blue": "11",
            "blue2": "",
            "sales": "357237076",
            "poolmoney": "140421744",
            "content": "北京1注,上海1注,江西1注,四川1注,共4注。",
            "addmoney": "",
            "addmoney2": "",
            "msg": "",
            "z2add": "",
            "m2add": "",
            "prizegrades": [
                {
                    "type": 1,
                    "typenum": "4",
                    "typemoney": "9397355"
                },
                {
                    "type": 2,
                    "typenum": "95",
                    "typemoney": "277727"
                },
                {
                    "type": 3,
                    "typenum": "1502",
                    "typemoney": "3000"
                },
                {
                    "type": 4,
                    "typenum": "75321",
                    "typemoney": "200"
                },
                {
                    "type": 5,
                    "typenum": "1387630",
                    "typemoney": "10"
                },
                {
                    "type": 6,
                    "typenum": "10730512",
                    "typemoney": "5"
                },
                {
                    "type": 7,
                    "typenum": "",
                    "typemoney": ""
                }
            ]
        },
        {
            "name": "双色球",
            "code": "2013025",
            "detailsLink": "/c/2013/03/05/384357.shtml",
            "videoLink": "",
            "date": "2013-03-05(二)",
            "week": "二",
            "red": "16,17,18,24,25,30",
            "blue": "08",
            "blue2": "",
            "sales": "365053994",
            "poolmoney": "116448192",
            "content": "北京1注,辽宁1注,浙江1注,江西1注,山东1注,湖南1注,广东21注,共27注。",
            "addmoney": "",
            "addmoney2": "",
            "msg": "",
            "z2add": "",
            "m2add": "",
            "prizegrades": [
                {
                    "type": 1,
                    "typenum": "27",
                    "typemoney": "5431843"
                },
                {
                    "type": 2,
                    "typenum": "126",
                    "typemoney": "138806"
                },
                {
                    "type": 3,
                    "typenum": "1694",
                    "typemoney": "3000"
                },
                {
                    "type": 4,
                    "typenum": "82492",
                    "typemoney": "200"
                },
                {
                    "type": 5,
                    "typenum": "1452952",
                    "typemoney": "10"
                },
                {
                    "type": 6,
                    "typenum": "16893520",
                    "typemoney": "5"
                },
                {
                    "type": 7,
                    "typenum": "",
                    "typemoney": ""
                }
            ]
        },
        {
            "name": "双色球",
            "code": "2013024",
            "detailsLink": "/c/2013/03/03/384356.shtml",
            "videoLink": "",
            "date": "2013-03-03(日)",
            "week": "日",
            "red": "04,05,13,23,27,30",
            "blue": "09",
            "blue2": "",
            "sales": "397860528",
            "poolmoney": "222298732",
            "content": "北京1注,黑龙江3注,安徽1注,福建1注,江西3注,山东1注,河南2注,甘肃1注,宁夏1注,深圳3注,共17注。",
            "addmoney": "",
            "addmoney2": "",
            "msg": "",
            "z2add": "",
            "m2add": "",
            "prizegrades": [
                {
                    "type": 1,
                    "typenum": "17",
                    "typemoney": "5847975"
                },
                {
                    "type": 2,
                    "typenum": "191",
                    "typemoney": "113211"
                },
                {
                    "type": 3,
                    "typenum": "3035",
                    "typemoney": "3000"
                },
                {
                    "type": 4,
                    "typenum": "118981",
                    "typemoney": "200"
                },
                {
                    "type": 5,
                    "typenum": "1907034",
                    "typemoney": "10"
                },
                {
                    "type": 6,
                    "typenum": "14180443",
                    "typemoney": "5"
                },
                {
                    "type": 7,
                    "typenum": "",
                    "typemoney": ""
                }
            ]
        },
        {
            "name": "双色球",
            "code": "2013023",
            "detailsLink": "/c/2013/02/28/384355.shtml",
            "videoLink": "",
            "date": "2013-02-28(四)",
            "week": "四",
            "red": "03,06,15,18,30,32",
            "blue": "05",
            "blue2": "",
            "sales": "359844386",
            "poolmoney": "271259788",
            "content": "安徽1注,重庆1注,贵州1注,云南1注,共4注。",
            "addmoney": "",
            "addmoney2": "",
            "msg": "",
            "z2add": "",
            "m2add": "",
            "prizegrades": [
                {
                    "type": 1,
                    "typenum": "4",
                    "typemoney": "10000000"
                },
                {
                    "type": 2,
                    "typenum": "145",
                    "typemoney": "215645"
                },
                {
                    "type": 3,
                    "typenum": "1196",
                    "typemoney": "3000"
                },
                {
                    "type": 4,
                    "typenum": "67541",
                    "typemoney": "200"
                },
                {
                    "type": 5,
                    "typenum": "1355164",
                    "typemoney": "10"
                },
                {
                    "type": 6,
                    "typenum": "8289489",
                    "typemoney": "5"
                },
                {
                    "type": 7,
                    "typenum": "",
                    "typemoney": ""
                }
            ]
        },
        {
            "name": "双色球",
            "code": "2013022",
            "detailsLink": "/c/2013/02/26/384354.shtml",
            "videoLink": "",
            "date": "2013-02-26(二)",
            "week": "二",
            "red": "02,04,07,09,15,20",
            "blue": "07",
            "blue2": "",
            "sales": "349104140",
            "poolmoney": "238299864",
            "content": "河北2注,内蒙古1注,江西1注,湖南1注,贵州1注,共6注。",
            "addmoney": "",
            "addmoney2": "",
            "msg": "",
            "z2add": "",
            "m2add": "",
            "prizegrades": [
                {
                    "type": 1,
                    "typenum": "6",
                    "typemoney": "6902732"
                },
                {
                    "type": 2,
                    "typenum": "79",
                    "typemoney": "216766"
                },
                {
                    "type": 3,
                    "typenum": "1799",
                    "typemoney": "3000"
                },
                {
                    "type": 4,
                    "typenum": "85414",
                    "typemoney": "200"
                },
                {
                    "type": 5,
                    "typenum": "1526043",
                    "typemoney": "10"
                },
                {
                    "type": 6,
                    "typenum": "15247766",
                    "typemoney": "5"
                },
                {
                    "type": 7,
                    "typenum": "",
                    "typemoney": ""
                }
            ]
        },
        {
            "name": "双色球",
            "code": "2013021",
            "detailsLink": "/c/2013/02/24/384353.shtml",
            "videoLink": "",
            "date": "2013-02-24(日)",
            "week": "日",
            "red": "01,06,17,19,26,31",
            "blue": "11",
            "blue2": "",
            "sales": "386291388",
            "poolmoney": "239758883",
            "content": "天津1注,河北1注,山西1注,内蒙古1注,浙江1注,河南1注,湖南1注,共7注。",
            "addmoney": "",
            "addmoney2": "",
            "msg": "",
            "z2add": "",
            "m2add": "",
            "prizegrades": [
                {
                    "type": 1,
                    "typenum": "7",
                    "typemoney": "7342133"
                },
                {
                    "type": 2,
                    "typenum": "104",
                    "typemoney": "236465"
                },
                {
                    "type": 3,
                    "typenum": "1477",
                    "typemoney": "3000"
                },
                {
                    "type": 4,
                    "typenum": "73650",
                    "typemoney": "200"
                },
                {
                    "type": 5,
                    "typenum": "1351421",
                    "typemoney": "10"
                },
                {
                    "type": 6,
                    "typenum": "14926583",
                    "typemoney": "5"
                },
                {
                    "type": 7,
                    "typenum": "",
                    "typemoney": ""
                }
            ]
        },
        {
            "name": "双色球",
            "code": "2013020",
            "detailsLink": "/c/2013/02/21/384352.shtml",
            "videoLink": "",
            "date": "2013-02-21(四)",
            "week": "四",
            "red": "01,07,08,12,16,21",
            "blue": "01",
            "blue2": "",
            "sales": "337611102",
            "poolmoney": "233771560",
            "content": "黑龙江1注,浙江1注,湖北1注,湖南2注,共5注。",
            "addmoney": "",
            "addmoney2": "",
            "msg": "",
            "z2add": "",
            "m2add": "",
            "prizegrades": [
                {
                    "type": 1,
                    "typenum": "5",
                    "typemoney": "9109602"
                },
                {
                    "type": 2,
                    "typenum": "145",
                    "typemoney": "212565"
                },
                {
                    "type": 3,
                    "typenum": "1167",
                    "typemoney": "3000"
                },
                {
                    "type": 4,
                    "typenum": "61364",
                    "typemoney": "200"
                },
                {
                    "type": 5,
                    "typenum": "1185046",
                    "typemoney": "10"
                },
                {
                    "type": 6,
                    "typenum": "7013025",
                    "typemoney": "5"
                },
                {
                    "type": 7,
                    "typenum": "",
                    "typemoney": ""
                }
            ]
        },
        {
            "name": "双色球",
            "code": "2013019",
            "detailsLink": "/c/2013/02/19/384351.shtml",
            "videoLink": "",
            "date": "2013-02-19(二)",
            "week": "二",
            "red": "01,02,05,16,20,26",
            "blue": "06",
            "blue2": "",
            "sales": "316958200",
            "poolmoney": "207401535",
            "content": "河北1注,山西1注,内蒙古1注,辽宁1注,湖南1注,共5注。",
            "addmoney": "",
            "addmoney2": "",
            "msg": "",
            "z2add": "",
            "m2add": "",
            "prizegrades": [
                {
                    "type": 1,
                    "typenum": "5",
                    "typemoney": "8107555"
                },
                {
                    "type": 2,
                    "typenum": "93",
                    "typemoney": "250609"
                },
                {
                    "type": 3,
                    "typenum": "1186",
                    "typemoney": "3000"
                },
                {
                    "type": 4,
                    "typenum": "59157",
                    "typemoney": "200"
                },
                {
                    "type": 5,
                    "typenum": "1076888",
                    "typemoney": "10"
                },
                {
                    "type": 6,
                    "typenum": "10292468",
                    "typemoney": "5"
                },
                {
                    "type": 7,
                    "typenum": "",
                    "typemoney": ""
                }
            ]
        },
        {
            "name": "双色球",
            "code": "2013018",
            "detailsLink": "/c/2013/02/17/384350.shtml",
            "videoLink": "",
            "date": "2013-02-17(日)",
            "week": "日",
            "red": "02,08,13,28,29,30",
            "blue": "05",
            "blue2": "",
            "sales": "364752666",
            "poolmoney": "193557090",
            "content": "北京1注,辽宁1注,江苏1注,安徽1注,湖北2注,广东1注,四川1注,陕西1注,新疆1注,共10注。",
            "addmoney": "",
            "addmoney2": "",
            "msg": "",
            "z2add": "",
            "m2add": "",
            "prizegrades": [
                {
                    "type": 1,
                    "typenum": "10",
                    "typemoney": "6796488"
                },
                {
                    "type": 2,
                    "typenum": "273",
                    "typemoney": "98708"
                },
                {
                    "type": 3,
                    "typenum": "2226",
                    "typemoney": "3000"
                },
                {
                    "type": 4,
                    "typenum": "104280",
                    "typemoney": "200"
                },
                {
                    "type": 5,
                    "typenum": "1751789",
                    "typemoney": "10"
                },
                {
                    "type": 6,
                    "typenum": "8770494",
                    "typemoney": "5"
                },
                {
                    "type": 7,
                    "typenum": "",
                    "typemoney": ""
                }
            ]
        },
        {
            "name": "双色球",
            "code": "2013017",
            "detailsLink": "/c/2013/02/07/384349.shtml",
            "videoLink": "",
            "date": "2013-02-07(四)",
            "week": "四",
            "red": "04,06,12,30,31,32",
            "blue": "09",
            "blue2": "",
            "sales": "339247106",
            "poolmoney": "198644874",
            "content": "河北2注,福建1注,共3注。",
            "addmoney": "",
            "addmoney2": "",
            "msg": "",
            "z2add": "",
            "m2add": "",
            "prizegrades": [
                {
                    "type": 1,
                    "typenum": "3",
                    "typemoney": "10000000"
                },
                {
                    "type": 2,
                    "typenum": "93",
                    "typemoney": "291681"
                },
                {
                    "type": 3,
                    "typenum": "1050",
                    "typemoney": "3000"
                },
                {
                    "type": 4,
                    "typenum": "53120",
                    "typemoney": "200"
                },
                {
                    "type": 5,
                    "typenum": "1053101",
                    "typemoney": "10"
                },
                {
                    "type": 6,
                    "typenum": "10300989",
                    "typemoney": "5"
                },
                {
                    "type": 7,
                    "typenum": "",
                    "typemoney": ""
                }
            ]
        },
        {
            "name": "双色球",
            "code": "2013016",
            "detailsLink": "/c/2013/02/05/384378.shtml",
            "videoLink": "",
            "date": "2013-02-05(二)",
            "week": "二",
            "red": "02,05,06,12,14,28",
            "blue": "05",
            "blue2": "",
            "sales": "327207104",
            "poolmoney": "165350088",
            "content": "河北1注,吉林1注,黑龙江1注,上海1注,江苏1注,浙江2注,福建1注,湖南2注,陕西1注,青海1注,共12注。",
            "addmoney": "",
            "addmoney2": "",
            "msg": "",
            "z2add": "",
            "m2add": "",
            "prizegrades": [
                {
                    "type": 1,
                    "typenum": "12",
                    "typemoney": "5755587"
                },
                {
                    "type": 2,
                    "typenum": "99",
                    "typemoney": "137379"
                },
                {
                    "type": 3,
                    "typenum": "1954",
                    "typemoney": "3000"
                },
                {
                    "type": 4,
                    "typenum": "92741",
                    "typemoney": "200"
                },
                {
                    "type": 5,
                    "typenum": "1546034",
                    "typemoney": "10"
                },
                {
                    "type": 6,
                    "typenum": "15025141",
                    "typemoney": "5"
                },
                {
                    "type": 7,
                    "typenum": "",
                    "typemoney": ""
                }
            ]
        },
        {
            "name": "双色球",
            "code": "2013015",
            "detailsLink": "/c/2013/02/03/384377.shtml",
            "videoLink": "",
            "date": "2013-02-03(日)",
            "week": "日",
            "red": "05,06,07,11,13,18",
            "blue": "15",
            "blue2": "",
            "sales": "377989410",
            "poolmoney": "202682481",
            "content": "内蒙古1注,河南2注,共3注。",
            "addmoney": "",
            "addmoney2": "",
            "msg": "",
            "z2add": "",
            "m2add": "",
            "prizegrades": [
                {
                    "type": 1,
                    "typenum": "3",
                    "typemoney": "10000000"
                },
                {
                    "type": 2,
                    "typenum": "158",
                    "typemoney": "222295"
                },
                {
                    "type": 3,
                    "typenum": "1175",
                    "typemoney": "3000"
                },
                {
                    "type": 4,
                    "typenum": "63967",
                    "typemoney": "200"
                },
                {
                    "type": 5,
                    "typenum": "1311322",
                    "typemoney": "10"
                },
                {
                    "type": 6,
                    "typenum": "7741465",
                    "typemoney": "5"
                },
                {
                    "type": 7,
                    "typenum": "",
                    "typemoney": ""
                }
            ]
        },
        {
            "name": "双色球",
            "code": "2013014",
            "detailsLink": "/c/2013/01/31/384376.shtml",
            "videoLink": "",
            "date": "2013-01-31(四)",
            "week": "四",
            "red": "02,04,05,17,19,20",
            "blue": "08",
            "blue2": "",
            "sales": "348187310",
            "poolmoney": "150729380",
            "content": "河北1注,辽宁10注,福建1注,河南5注,广西1注,甘肃2注,共20注。",
            "addmoney": "",
            "addmoney2": "",
            "msg": "",
            "z2add": "",
            "m2add": "",
            "prizegrades": [
                {
                    "type": 1,
                    "typenum": "20",
                    "typemoney": "5786249"
                },
                {
                    "type": 2,
                    "typenum": "235",
                    "typemoney": "100372"
                },
                {
                    "type": 3,
                    "typenum": "1647",
                    "typemoney": "3000"
                },
                {
                    "type": 4,
                    "typenum": "82204",
                    "typemoney": "200"
                },
                {
                    "type": 5,
                    "typenum": "1461037",
                    "typemoney": "10"
                },
                {
                    "type": 6,
                    "typenum": "11198928",
                    "typemoney": "5"
                },
                {
                    "type": 7,
                    "typenum": "",
                    "typemoney": ""
                }
            ]
        },
        {
            "name": "双色球",
            "code": "2013013",
            "detailsLink": "/c/2013/01/29/384375.shtml",
            "videoLink": "",
            "date": "2013-01-29(二)",
            "week": "二",
            "red": "05,06,13,19,22,28",
            "blue": "09",
            "blue2": "",
            "sales": "351745408",
            "poolmoney": "211416895",
            "content": "河北2注,辽宁1注,吉林1注,江苏1注,福建1注,河南2注,湖北1注,湖南2注,四川1注,陕西1注,青海1注,宁夏3注,深圳2注,共19注。",
            "addmoney": "",
            "addmoney2": "",
            "msg": "",
            "z2add": "",
            "m2add": "",
            "prizegrades": [
                {
                    "type": 1,
                    "typenum": "19",
                    "typemoney": "5961726"
                },
                {
                    "type": 2,
                    "typenum": "259",
                    "typemoney": "105827"
                },
                {
                    "type": 3,
                    "typenum": "1799",
                    "typemoney": "3000"
                },
                {
                    "type": 4,
                    "typenum": "93409",
                    "typemoney": "200"
                },
                {
                    "type": 5,
                    "typenum": "1622643",
                    "typemoney": "10"
                },
                {
                    "type": 6,
                    "typenum": "8137205",
                    "typemoney": "5"
                },
                {
                    "type": 7,
                    "typenum": "",
                    "typemoney": ""
                }
            ]
        },
        {
            "name": "双色球",
            "code": "2013012",
            "detailsLink": "/c/2013/01/27/384374.shtml",
            "videoLink": "",
            "date": "2013-01-27(日)",
            "week": "日",
            "red": "06,14,17,22,28,29",
            "blue": "02",
            "blue2": "",
            "sales": "389114476",
            "poolmoney": "260734911",
            "content": "福建1注,广东1注,云南1注,共3注。",
            "addmoney": "",
            "addmoney2": "",
            "msg": "",
            "z2add": "",
            "m2add": "",
            "prizegrades": [
                {
                    "type": 1,
                    "typenum": "3",
                    "typemoney": "10000000"
                },
                {
                    "type": 2,
                    "typenum": "144",
                    "typemoney": "270305"
                },
                {
                    "type": 3,
                    "typenum": "986",
                    "typemoney": "3000"
                },
                {
                    "type": 4,
                    "typenum": "60828",
                    "typemoney": "200"
                },
                {
                    "type": 5,
                    "typenum": "1295443",
                    "typemoney": "10"
                },
                {
                    "type": 6,
                    "typenum": "6568315",
                    "typemoney": "5"
                },
                {
                    "type": 7,
                    "typenum": "",
                    "typemoney": ""
                }
            ]
        },
        {
            "name": "双色球",
            "code": "2013011",
            "detailsLink": "/c/2013/01/24/384373.shtml",
            "videoLink": "",
            "date": "2013-01-24(四)",
            "week": "四",
            "red": "03,12,17,24,27,29",
            "blue": "09",
            "blue2": "",
            "sales": "350274074",
            "poolmoney": "199912372",
            "content": "天津1注,河北1注,山西1注,内蒙古1注,辽宁3注,浙江1注,山东1注,广东2注,共11注。",
            "addmoney": "",
            "addmoney2": "",
            "msg": "",
            "z2add": "",
            "m2add": "",
            "prizegrades": [
                {
                    "type": 1,
                    "typenum": "11",
                    "typemoney": "6118580"
                },
                {
                    "type": 2,
                    "typenum": "113",
                    "typemoney": "163332"
                },
                {
                    "type": 3,
                    "typenum": "2231",
                    "typemoney": "3000"
                },
                {
                    "type": 4,
                    "typenum": "100181",
                    "typemoney": "200"
                },
                {
                    "type": 5,
                    "typenum": "1706219",
                    "typemoney": "10"
                },
                {
                    "type": 6,
                    "typenum": "13264200",
                    "typemoney": "5"
                },
                {
                    "type": 7,
                    "typenum": "",
                    "typemoney": ""
                }
            ]
        },
        {
            "name": "双色球",
            "code": "2013010",
            "detailsLink": "/c/2013/01/22/384372.shtml",
            "videoLink": "",
            "date": "2013-01-22(二)",
            "week": "二",
            "red": "01,09,11,17,32,33",
            "blue": "12",
            "blue2": "",
            "sales": "347709230",
            "poolmoney": "224151420",
            "content": "吉林5注,共5注。",
            "addmoney": "",
            "addmoney2": "",
            "msg": "",
            "z2add": "",
            "m2add": "",
            "prizegrades": [
                {
                    "type": 1,
                    "typenum": "5",
                    "typemoney": "9286306"
                },
                {
                    "type": 2,
                    "typenum": "74",
                    "typemoney": "434422"
                },
                {
                    "type": 3,
                    "typenum": "1054",
                    "typemoney": "3000"
                },
                {
                    "type": 4,
                    "typenum": "51499",
                    "typemoney": "200"
                },
                {
                    "type": 5,
                    "typenum": "1029207",
                    "typemoney": "10"
                },
                {
                    "type": 6,
                    "typenum": "7893200",
                    "typemoney": "5"
                },
                {
                    "type": 7,
                    "typenum": "",
                    "typemoney": ""
                }
            ]
        },
        {
            "name": "双色球",
            "code": "2013009",
            "detailsLink": "/c/2013/01/20/384371.shtml",
            "videoLink": "",
            "date": "2013-01-20(日)",
            "week": "日",
            "red": "01,04,09,13,16,23",
            "blue": "02",
            "blue2": "",
            "sales": "383674016",
            "poolmoney": "195572596",
            "content": "上海1注,福建1注,山东1注,云南1注,共4注。",
            "addmoney": "",
            "addmoney2": "",
            "msg": "",
            "z2add": "",
            "m2add": "",
            "prizegrades": [
                {
                    "type": 1,
                    "typenum": "4",
                    "typemoney": "9535536"
                },
                {
                    "type": 2,
                    "typenum": "100",
                    "typemoney": "272132"
                },
                {
                    "type": 3,
                    "typenum": "1499",
                    "typemoney": "3000"
                },
                {
                    "type": 4,
                    "typenum": "79465",
                    "typemoney": "200"
                },
                {
                    "type": 5,
                    "typenum": "1476369",
                    "typemoney": "10"
                },
                {
                    "type": 6,
                    "typenum": "12427170",
                    "typemoney": "5"
                },
                {
                    "type": 7,
                    "typenum": "",
                    "typemoney": ""
                }
            ]
        },
        {
            "name": "双色球",
            "code": "2013008",
            "detailsLink": "/c/2013/01/17/384370.shtml",
            "videoLink": "",
            "date": "2013-01-17(四)",
            "week": "四",
            "red": "03,08,17,21,25,32",
            "blue": "15",
            "blue2": "",
            "sales": "341795384",
            "poolmoney": "170217234",
            "content": "辽宁1注,吉林1注,江苏1注,广东2注,深圳1注,共6注。",
            "addmoney": "",
            "addmoney2": "",
            "msg": "",
            "z2add": "",
            "m2add": "",
            "prizegrades": [
                {
                    "type": 1,
                    "typenum": "6",
                    "typemoney": "8240712"
                },
                {
                    "type": 2,
                    "typenum": "311",
                    "typemoney": "93782"
                },
                {
                    "type": 3,
                    "typenum": "1478",
                    "typemoney": "3000"
                },
                {
                    "type": 4,
                    "typenum": "77997",
                    "typemoney": "200"
                },
                {
                    "type": 5,
                    "typenum": "1425465",
                    "typemoney": "10"
                },
                {
                    "type": 6,
                    "typenum": "7194060",
                    "typemoney": "5"
                },
                {
                    "type": 7,
                    "typenum": "",
                    "typemoney": ""
                }
            ]
        },
        {
            "name": "双色球",
            "code": "2013007",
            "detailsLink": "/c/2013/01/15/384369.shtml",
            "videoLink": "",
            "date": "2013-01-15(二)",
            "week": "二",
            "red": "02,09,15,22,26,32",
            "blue": "01",
            "blue2": "",
            "sales": "341246158",
            "poolmoney": "151606540",
            "content": "广东1注,新疆1注,共2注。",
            "addmoney": "0",
            "addmoney2": "",
            "msg": "",
            "z2add": "",
            "m2add": "",
            "prizegrades": [
                {
                    "type": 1,
                    "typenum": "2",
                    "typemoney": "7500000（含加奖2500000）"
                },
                {
                    "type": 2,
                    "typenum": "148",
                    "typemoney": "228327"
                },
                {
                    "type": 3,
                    "typenum": "827",
                    "typemoney": "3000"
                },
                {
                    "type": 4,
                    "typenum": "48103",
                    "typemoney": "200"
                },
                {
                    "type": 5,
                    "typenum": "981846",
                    "typemoney": "10"
                },
                {
                    "type": 6,
                    "typenum": "6529758",
                    "typemoney": "5"
                },
                {
                    "type": 7,
                    "typenum": "",
                    "typemoney": ""
                }
            ]
        },
        {
            "name": "双色球",
            "code": "2013006",
            "detailsLink": "/c/2013/01/13/384368.shtml",
            "videoLink": "",
            "date": "2013-01-13(日)",
            "week": "日",
            "red": "09,10,13,17,22,30",
            "blue": "13",
            "blue2": "",
            "sales": "374366198",
            "poolmoney": "82757304",
            "content": "河北1注,山西1注,内蒙古1注,浙江2注,福建1注,河南1注,广东1注,共8注。",
            "addmoney": "5000000",
            "addmoney2": "",
            "msg": "",
            "z2add": "",
            "m2add": "",
            "prizegrades": [
                {
                    "type": 1,
                    "typenum": "8",
                    "typemoney": "5625000（含加奖625000）"
                },
                {
                    "type": 2,
                    "typenum": "178",
                    "typemoney": "176778"
                },
                {
                    "type": 3,
                    "typenum": "1334",
                    "typemoney": "3000"
                },
                {
                    "type": 4,
                    "typenum": "71365",
                    "typemoney": "200"
                },
                {
                    "type": 5,
                    "typenum": "1367177",
                    "typemoney": "10"
                },
                {
                    "type": 6,
                    "typenum": "9320773",
                    "typemoney": "5"
                },
                {
                    "type": 7,
                    "typenum": "",
                    "typemoney": ""
                }
            ]
        },
        {
            "name": "双色球",
            "code": "2013005",
            "detailsLink": "/c/2013/01/10/384367.shtml",
            "videoLink": "",
            "date": "2013-01-10(四)",
            "week": "四",
            "red": "01,13,14,25,31,32",
            "blue": "12",
            "blue2": "",
            "sales": "339352226",
            "poolmoney": "49335143",
            "content": "河北1注,山西1注,内蒙古2注,江苏1注,浙江3注,广东2注,宁夏1注,共11注。",
            "addmoney": "5000000",
            "addmoney2": "",
            "msg": "",
            "z2add": "",
            "m2add": "",
            "prizegrades": [
                {
                    "type": 1,
                    "typenum": "11",
                    "typemoney": "5454545（含加奖454545）"
                },
                {
                    "type": 2,
                    "typenum": "117",
                    "typemoney": "251894"
                },
                {
                    "type": 3,
                    "typenum": "1354",
                    "typemoney": "3000"
                },
                {
                    "type": 4,
                    "typenum": "64619",
                    "typemoney": "200"
                },
                {
                    "type": 5,
                    "typenum": "1208188",
                    "typemoney": "10"
                },
                {
                    "type": 6,
                    "typenum": "7795223",
                    "typemoney": "5"
                },
                {
                    "type": 7,
                    "typenum": "",
                    "typemoney": ""
                }
            ]
        },
        {
            "name": "双色球",
            "code": "2013004",
            "detailsLink": "/c/2013/01/08/384366.shtml",
            "videoLink": "",
            "date": "2013-01-08(二)",
            "week": "二",
            "red": "06,10,16,20,27,32",
            "blue": "08",
            "blue2": "",
            "sales": "337097616",
            "poolmoney": "35567995",
            "content": "天津1注,内蒙古1注,辽宁1注,黑龙江5注,江苏1注,山东3注,湖北1注,海南2注,陕西1注,深圳1注,共17注。",
            "addmoney": "5000000",
            "addmoney2": "",
            "msg": "",
            "z2add": "",
            "m2add": "",
            "prizegrades": [
                {
                    "type": 1,
                    "typenum": "17",
                    "typemoney": "5294117（含加奖294117）"
                },
                {
                    "type": 2,
                    "typenum": "152",
                    "typemoney": "61143"
                },
                {
                    "type": 3,
                    "typenum": "2811",
                    "typemoney": "3000"
                },
                {
                    "type": 4,
                    "typenum": "113204",
                    "typemoney": "200"
                },
                {
                    "type": 5,
                    "typenum": "1683406",
                    "typemoney": "10"
                },
                {
                    "type": 6,
                    "typenum": "17258164",
                    "typemoney": "5"
                },
                {
                    "type": 7,
                    "typenum": "",
                    "typemoney": ""
                }
            ]
        },
        {
            "name": "双色球",
            "code": "2013003",
            "detailsLink": "/c/2013/01/06/384365.shtml",
            "videoLink": "",
            "date": "2013-01-06(日)",
            "week": "日",
            "red": "22,23,26,27,28,33",
            "blue": "09",
            "blue2": "",
            "sales": "367773688",
            "poolmoney": "98882604",
            "content": "江西1注,湖北1注,四川1注,青海1注,共4注。",
            "addmoney": "5000000",
            "addmoney2": "",
            "msg": "",
            "z2add": "",
            "m2add": "",
            "prizegrades": [
                {
                    "type": 1,
                    "typenum": "4",
                    "typemoney": "6250000（含加奖1250000）"
                },
                {
                    "type": 2,
                    "typenum": "90",
                    "typemoney": "271770"
                },
                {
                    "type": 3,
                    "typenum": "1175",
                    "typemoney": "3000"
                },
                {
                    "type": 4,
                    "typenum": "60772",
                    "typemoney": "200"
                },
                {
                    "type": 5,
                    "typenum": "1185339",
                    "typemoney": "10"
                },
                {
                    "type": 6,
                    "typenum": "14229062",
                    "typemoney": "5"
                },
                {
                    "type": 7,
                    "typenum": "",
                    "typemoney": ""
                }
            ]
        },
        {
            "name": "双色球",
            "code": "2013002",
            "detailsLink": "/c/2013/01/03/384364.shtml",
            "videoLink": "",
            "date": "2013-01-03(四)",
            "week": "四",
            "red": "01,16,18,22,28,30",
            "blue": "12",
            "blue2": "",
            "sales": "303822912",
            "poolmoney": "61810900",
            "content": "辽宁1注,浙江1注,福建1注,陕西1注,共4注。",
            "addmoney": "5000000",
            "addmoney2": "",
            "msg": "",
            "z2add": "",
            "m2add": "",
            "prizegrades": [
                {
                    "type": 1,
                    "typenum": "4",
                    "typemoney": "6250000（含加奖1250000）"
                },
                {
                    "type": 2,
                    "typenum": "63",
                    "typemoney": "352455"
                },
                {
                    "type": 3,
                    "typenum": "1065",
                    "typemoney": "3000"
                },
                {
                    "type": 4,
                    "typenum": "57348",
                    "typemoney": "200"
                },
                {
                    "type": 5,
                    "typenum": "1069854",
                    "typemoney": "10"
                },
                {
                    "type": 6,
                    "typenum": "9898902",
                    "typemoney": "5"
                },
                {
                    "type": 7,
                    "typenum": "",
                    "typemoney": ""
                }
            ]
        },
        {
            "name": "双色球",
            "code": "2013001",
            "detailsLink": "/c/2013/01/01/384379.shtml",
            "videoLink": "",
            "date": "2013-01-01(二)",
            "week": "二",
            "red": "06,08,14,15,24,25",
            "blue": "06",
            "blue2": "",
            "sales": "309153922",
            "poolmoney": "30000000",
            "content": "河北1注,山西1注,上海2注,江苏1注,浙江1注,山东3注,湖南1注,广东7注,广西1注,四川1注,云南1注,共20注。",
            "addmoney": "5000000",
            "addmoney2": "",
            "msg": "中彩中心决定：从双色球调节基金拨出12541580元，注入第2013002期奖池，第2013002期奖池资金原为：17458420.00元,累计金额为：30000000.00元。",
            "z2add": "",
            "m2add": "",
            "prizegrades": [
                {
                    "type": 1,
                    "typenum": "20",
                    "typemoney": "5250000（含加奖250000）"
                },
                {
                    "type": 2,
                    "typenum": "271",
                    "typemoney": "71485"
                },
                {
                    "type": 3,
                    "typenum": "2102",
                    "typemoney": "3000"
                },
                {
                    "type": 4,
                    "typenum": "86580",
                    "typemoney": "200"
                },
                {
                    "type": 5,
                    "typenum": "1412922",
                    "typemoney": "10"
                },
                {
                    "type": 6,
                    "typenum": "9831878",
                    "typemoney": "5"
                },
                {
                    "type": 7,
                    "typenum": "",
                    "typemoney": ""
                }
            ]
        }
    ]
}