{
    "state": 0,
    "message": "查询成功",
    "pageCount": 1,
    "countNum": 51,
    "Tflag": 1,
    "result": [
        {
            "name": "双色球",
            "code": "2021150",
            "detailsLink": "/c/2021/12/30/496158.shtml",
            "videoLink": "/c/2021/12/30/496157.shtml",
            "date": "2021-12-30(四)",
            "week": "四",
            "red": "09,14,20,21,24,26",
            "blue": "04",
            "blue2": "",
            "sales": "456402254",
            "poolmoney": "1022824601",
            "content": "北京1注,河北1注,安徽25注,福建1注,江西1注,重庆1注,河南1注,广西1注,贵州1注,陕西1注,新疆2注,深圳1注,共37注。其中一等奖特别奖为：北京1注,河北1注,安徽25注,重庆1注,河南1注,新疆2注。",
            "addmoney": "",
            "addmoney2": "",
            "zj1": "31",
            "mj1": "1105527",
            "msg": "下期一等奖特别奖派奖金额：0元。",
            "z2add": "",
            "m2add": "",
            "prizegrades": [
                {
                    "type": 1,
                    "typenum": "37",
                    "typemoney": "5660828"
                },
                {
                    "type": 2,
                    "typenum": "239",
                    "typemoney": "127879"
                },
                {
                    "type": 3,
                    "typenum": "2288",
                    "typemoney": "3000"
                },
                {
                    "type": 4,
                    "typenum": "99846",
                    "typemoney": "200"
                },
                {
                    "type": 5,
                    "typenum": "1869866",
                    "typemoney": "10"
                },
                {
                    "type": 6,
                    "typenum": "11170394",
                    "typemoney": "5"
                },
                {
                    "type": 7,
                    "typenum": "",
                    "typemoney": ""
                }
            ]
        },
        {
            "name": "双色球",
            "code": "2021149",
            "detailsLink": "/c/2021/12/28/496046.shtml",
            "videoLink": "/c/2021/12/28/496045.shtml",
            "date": "2021-12-28(二)",
            "week": "二",
            "red": "05,10,15,18,19,32",
            "blue": "05",
            "blue2": "",
            "sales": "425925826",
            "poolmoney": "1140585301",
            "content": "内蒙古1注,上海1注,浙江3注,深圳3注,共8注。其中一等奖特别奖为：内蒙古1注,浙江1注。",
            "addmoney": "",
            "addmoney2": "",
            "zj1": "2",
            "mj1": "7864325",
            "msg": "下期一等奖特别奖派奖金额：34271350元。",
            "z2add": "",
            "m2add": "",
            "prizegrades": [
                {
                    "type": 1,
                    "typenum": "8",
                    "typemoney": "7864325"
                },
                {
                    "type": 2,
                    "typenum": "103",
                    "typemoney": "278089"
                },
                {
                    "type": 3,
                    "typenum": "1366",
                    "typemoney": "3000"
                },
                {
                    "type": 4,
                    "typenum": "75921",
                    "typemoney": "200"
                },
                {
                    "type": 5,
                    "typenum": "1446067",
                    "typemoney": "10"
                },
                {
                    "type": 6,
                    "typenum": "12077552",
                    "typemoney": "5"
                },
                {
                    "type": 7,
                    "typenum": "",
                    "typemoney": ""
                }
            ]
        },
        {
            "name": "双色球",
            "code": "2021148",
            "detailsLink": "/c/2021/12/26/495934.shtml",
            "videoLink": "/c/2021/12/26/495933.shtml",
            "date": "2021-12-26(日)",
            "week": "日",
            "red": "10,12,15,17,19,20",
            "blue": "08",
            "blue2": "",
            "sales": "459686850",
            "poolmoney": "1117570138",
            "content": "辽宁1注,江西1注,湖南1注,广西2注,海南1注,四川1注,贵州1注,共8注。其中一等奖特别奖为：江西1注,广西2注,海南1注,四川1注。",
            "addmoney": "",
            "addmoney2": "",
            "zj1": "5",
            "mj1": "5000000",
            "msg": "下期一等奖特别奖派奖金额：25000000元。",
            "z2add": "",
            "m2add": "",
            "prizegrades": [
                {
                    "type": 1,
                    "typenum": "8",
                    "typemoney": "7622855"
                },
                {
                    "type": 2,
                    "typenum": "175",
                    "typemoney": "149877"
                },
                {
                    "type": 3,
                    "typenum": "1942",
                    "typemoney": "3000"
                },
                {
                    "type": 4,
                    "typenum": "95228",
                    "typemoney": "200"
                },
                {
                    "type": 5,
                    "typenum": "1716355",
                    "typemoney": "10"
                },
                {
                    "type": 6,
                    "typenum": "15659434",
                    "typemoney": "5"
                },
                {
                    "type": 7,
                    "typenum": "",
                    "typemoney": ""
                }
            ]
        },
        {
            "name": "双色球",
            "code": "2021147",
            "detailsLink": "/c/2021/12/23/495818.shtml",
            "videoLink": "/c/2021/12/23/495817.shtml",
            "date": "2021-12-23(四)",
            "week": "四",
            "red": "05,10,11,13,27,28",
            "blue": "09",
            "blue2": "",
            "sales": "457370132",
            "poolmoney": "1099867308",
            "content": "北京2注,河北1注,辽宁2注,黑龙江1注,江苏2注,福建1注,河南1注,湖北1注,云南1注,深圳1注,共13注。其中一等奖特别奖为：北京2注,河北1注,辽宁2注,黑龙江1注,江苏2注,福建1注,云南1注。",
            "addmoney": "",
            "addmoney2": "",
            "zj1": "10",
            "mj1": "3902223",
            "msg": "下期一等奖特别奖派奖金额：25000000元。",
            "z2add": "",
            "m2add": "",
            "prizegrades": [
                {
                    "type": 1,
                    "typenum": "13",
                    "typemoney": "6608176"
                },
                {
                    "type": 2,
                    "typenum": "194",
                    "typemoney": "134705"
                },
                {
                    "type": 3,
                    "typenum": "5004",
                    "typemoney": "3000"
                },
                {
                    "type": 4,
                    "typenum": "114915",
                    "typemoney": "200"
                },
                {
                    "type": 5,
                    "typenum": "2023736",
                    "typemoney": "10"
                },
                {
                    "type": 6,
                    "typenum": "12269507",
                    "typemoney": "5"
                },
                {
                    "type": 7,
                    "typenum": "",
                    "typemoney": ""
                }
            ]
        },
        {
            "name": "双色球",
            "code": "2021146",
            "detailsLink": "/c/2021/12/21/495706.shtml",
            "videoLink": "/c/2021/12/21/495705.shtml",
            "date": "2021-12-21(二)",
            "week": "二",
            "red": "07,09,21,22,26,32",
            "blue": "03",
            "blue2": "",
            "sales": "480619582",
            "poolmoney": "1107375000",
            "content": "内蒙古1注,江苏1注,浙江1注,河南1注,湖南1注,深圳1注,共6注。其中一等奖特别奖为：浙江1注,湖南1注。",
            "addmoney": "",
            "addmoney2": "",
            "zj1": "2",
            "mj1": "9424198",
            "zj6": "8519638",
            "mj6": "5",
            "msg": "下期一等奖特别奖派奖金额：39022239元。\n下期六等奖翻番奖奖金余额：0元。",
            "z2add": "",
            "m2add": "",
            "prizegrades": [
                {
                    "type": 1,
                    "typenum": "6",
                    "typemoney": "9424198"
                },
                {
                    "type": 2,
                    "typenum": "103",
                    "typemoney": "322150"
                },
                {
                    "type": 3,
                    "typenum": "1568",
                    "typemoney": "3000"
                },
                {
                    "type": 4,
                    "typenum": "81783",
                    "typemoney": "200"
                },
                {
                    "type": 5,
                    "typenum": "1646072",
                    "typemoney": "10"
                },
                {
                    "type": 6,
                    "typenum": "13051262",
                    "typemoney": "5"
                },
                {
                    "type": 7,
                    "typenum": "",
                    "typemoney": ""
                }
            ]
        },
        {
            "name": "双色球",
            "code": "2021145",
            "detailsLink": "/c/2021/12/19/495494.shtml",
            "videoLink": "/c/2021/12/19/495493.shtml",
            "date": "2021-12-19(日)",
            "week": "日",
            "red": "04,07,10,14,16,26",
            "blue": "09",
            "blue2": "",
            "sales": "517254362",
            "poolmoney": "1064375720",
            "content": "吉林1注,上海2注,江苏1注,安徽1注,江西1注,重庆3注,河南1注,共10注。其中一等奖特别奖为：上海2注,安徽1注。",
            "addmoney": "",
            "addmoney2": "",
            "zj1": "3",
            "mj1": "7832457",
            "zj6": "8029774",
            "mj6": "5",
            "msg": "下期一等奖特别奖派奖金额：32870635元。\n下期六等奖翻番奖奖金余额：26301070元。",
            "z2add": "",
            "m2add": "",
            "prizegrades": [
                {
                    "type": 1,
                    "typenum": "10",
                    "typemoney": "7832457"
                },
                {
                    "type": 2,
                    "typenum": "159",
                    "typemoney": "222677"
                },
                {
                    "type": 3,
                    "typenum": "1811",
                    "typemoney": "3000"
                },
                {
                    "type": 4,
                    "typenum": "106304",
                    "typemoney": "200"
                },
                {
                    "type": 5,
                    "typenum": "1896251",
                    "typemoney": "10"
                },
                {
                    "type": 6,
                    "typenum": "13235094",
                    "typemoney": "5"
                },
                {
                    "type": 7,
                    "typenum": "",
                    "typemoney": ""
                }
            ]
        },
        {
            "name": "双色球",
            "code": "2021144",
            "detailsLink": "/c/2021/12/16/495277.shtml",
            "videoLink": "/c/2021/12/16/495276.shtml",
            "date": "2021-12-16(四)",
            "week": "四",
            "red": "02,05,13,15,23,26",
            "blue": "07",
            "blue2": "",
            "sales": "483556078",
            "poolmoney": "1036483149",
            "content": "辽宁1注,上海1注,浙江1注,湖南1注,广东1注,共5注。其中一等奖特别奖为：浙江1注,湖南1注。",
            "addmoney": "",
            "addmoney2": "",
            "zj1": "2",
            "mj1": "9315997",
            "zj6": "11130429",
            "mj6": "5",
            "msg": "下期一等奖特别奖派奖金额：31368006元。\n下期六等奖翻番奖奖金余额：66449940元。",
            "z2add": "",
            "m2add": "",
            "prizegrades": [
                {
                    "type": 1,
                    "typenum": "5",
                    "typemoney": "9315997"
                },
                {
                    "type": 2,
                    "typenum": "172",
                    "typemoney": "156831"
                },
                {
                    "type": 3,
                    "typenum": "2181",
                    "typemoney": "3000"
                },
                {
                    "type": 4,
                    "typenum": "100376",
                    "typemoney": "200"
                },
                {
                    "type": 5,
                    "typenum": "1818706",
                    "typemoney": "10"
                },
                {
                    "type": 6,
                    "typenum": "16847455",
                    "typemoney": "5"
                },
                {
                    "type": 7,
                    "typenum": "",
                    "typemoney": ""
                }
            ]
        },
        {
            "name": "双色球",
            "code": "2021143",
            "detailsLink": "/c/2021/12/14/495164.shtml",
            "videoLink": "/c/2021/12/14/495163.shtml",
            "date": "2021-12-14(二)",
            "week": "二",
            "red": "01,09,11,13,20,29",
            "blue": "09",
            "blue2": "",
            "sales": "475857912",
            "poolmoney": "1002138181",
            "content": "辽宁1注,上海1注,浙江2注,安徽32注,山东1注,广东3注,贵州1注,共41注。其中一等奖特别奖为：辽宁1注,浙江1注,安徽32注,山东1注,广东2注,贵州1注。",
            "addmoney": "",
            "addmoney2": "",
            "zj1": "38",
            "mj1": "657894",
            "zj6": "9054006",
            "mj6": "5",
            "msg": "下期一等奖特别奖派奖金额：25000000元。\n下期六等奖翻番奖奖金余额：122102085元。",
            "z2add": "",
            "m2add": "",
            "prizegrades": [
                {
                    "type": 1,
                    "typenum": "41",
                    "typemoney": "5571480"
                },
                {
                    "type": 2,
                    "typenum": "158",
                    "typemoney": "185369"
                },
                {
                    "type": 3,
                    "typenum": "2099",
                    "typemoney": "3000"
                },
                {
                    "type": 4,
                    "typenum": "102841",
                    "typemoney": "200"
                },
                {
                    "type": 5,
                    "typenum": "1847795",
                    "typemoney": "10"
                },
                {
                    "type": 6,
                    "typenum": "14134736",
                    "typemoney": "5"
                },
                {
                    "type": 7,
                    "typenum": "",
                    "typemoney": ""
                }
            ]
        },
        {
            "name": "双色球",
            "code": "2021142",
            "detailsLink": "/c/2021/12/12/495050.shtml",
            "videoLink": "/c/2021/12/12/495049.shtml",
            "date": "2021-12-12(日)",
            "week": "日",
            "red": "04,07,17,19,20,24",
            "blue": "16",
            "blue2": "",
            "sales": "509166454",
            "poolmoney": "1142703731",
            "content": "辽宁2注,黑龙江1注,河南1注,广东1注,云南1注,新疆1注,深圳1注,共8注。其中一等奖特别奖为：河南1注,广东1注,云南1注,深圳1注。",
            "addmoney": "",
            "addmoney2": "",
            "zj1": "4",
            "mj1": "6250000",
            "zj6": "7101350",
            "mj6": "5",
            "msg": "下期一等奖特别奖派奖金额：25000000元。\n下期六等奖翻番奖奖金余额：167372115元。",
            "z2add": "",
            "m2add": "",
            "prizegrades": [
                {
                    "type": 1,
                    "typenum": "8",
                    "typemoney": "8791842"
                },
                {
                    "type": 2,
                    "typenum": "227",
                    "typemoney": "167041"
                },
                {
                    "type": 3,
                    "typenum": "1642",
                    "typemoney": "3000"
                },
                {
                    "type": 4,
                    "typenum": "94056",
                    "typemoney": "200"
                },
                {
                    "type": 5,
                    "typenum": "1852762",
                    "typemoney": "10"
                },
                {
                    "type": 6,
                    "typenum": "11110610",
                    "typemoney": "5"
                },
                {
                    "type": 7,
                    "typenum": "",
                    "typemoney": ""
                }
            ]
        },
        {
            "name": "双色球",
            "code": "2021141",
            "detailsLink": "/c/2021/12/09/495031.shtml",
            "videoLink": "/c/2021/12/09/495030.shtml",
            "date": "2021-12-09(四)",
            "week": "四",
            "red": "01,14,19,23,26,30",
            "blue": "10",
            "blue2": "",
            "sales": "483132724",
            "poolmoney": "1099283201",
            "content": "河北2注,福建1注,江西2注,湖北1注,甘肃1注,共7注。其中一等奖特别奖为：河北2注,福建1注,湖北1注,甘肃1注。",
            "addmoney": "",
            "addmoney2": "",
            "zj1": "5",
            "mj1": "5000000",
            "zj6": "10844538",
            "mj6": "5",
            "msg": "下期一等奖特别奖派奖金额：25000000元。\n下期六等奖翻番奖奖金余额：202878865元。",
            "z2add": "",
            "m2add": "",
            "prizegrades": [
                {
                    "type": 1,
                    "typenum": "7",
                    "typemoney": "8542650"
                },
                {
                    "type": 2,
                    "typenum": "132",
                    "typemoney": "234834"
                },
                {
                    "type": 3,
                    "typenum": "1383",
                    "typemoney": "3000"
                },
                {
                    "type": 4,
                    "typenum": "74249",
                    "typemoney": "200"
                },
                {
                    "type": 5,
                    "typenum": "1475684",
                    "typemoney": "10"
                },
                {
                    "type": 6,
                    "typenum": "15797325",
                    "typemoney": "5"
                },
                {
                    "type": 7,
                    "typenum": "",
                    "typemoney": ""
                }
            ]
        },
        {
            "name": "双色球",
            "code": "2021140",
            "detailsLink": "/c/2021/12/07/494917.shtml",
            "videoLink": "/c/2021/12/07/494916.shtml",
            "date": "2021-12-07(二)",
            "week": "二",
            "red": "05,10,16,26,27,33",
            "blue": "01",
            "blue2": "",
            "sales": "479975520",
            "poolmoney": "1066087178",
            "content": "河北1注,山西1注,内蒙古1注,浙江1注,重庆9注,河南1注,湖北1注,四川3注,云南1注,青海1注,共20注。其中一等奖特别奖为：重庆5注,四川2注,云南1注,青海1注。",
            "addmoney": "",
            "addmoney2": "",
            "zj1": "9",
            "mj1": "2777777",
            "zj6": "5778663",
            "mj6": "5",
            "msg": "下期一等奖特别奖派奖金额：25000000元。\n下期六等奖翻番奖奖金余额：257101555元。",
            "z2add": "",
            "m2add": "",
            "prizegrades": [
                {
                    "type": 1,
                    "typenum": "20",
                    "typemoney": "6366303"
                },
                {
                    "type": 2,
                    "typenum": "694",
                    "typemoney": "49218"
                },
                {
                    "type": 3,
                    "typenum": "2916",
                    "typemoney": "3000"
                },
                {
                    "type": 4,
                    "typenum": "131648",
                    "typemoney": "200"
                },
                {
                    "type": 5,
                    "typenum": "1934360",
                    "typemoney": "10"
                },
                {
                    "type": 6,
                    "typenum": "8827282",
                    "typemoney": "5"
                },
                {
                    "type": 7,
                    "typenum": "",
                    "typemoney": ""
                }
            ]
        },
        {
            "name": "双色球",
            "code": "2021139",
            "detailsLink": "/c/2021/12/05/494903.shtml",
            "videoLink": "/c/2021/12/05/494902.shtml",
            "date": "2021-12-05(日)",
            "week": "日",
            "red": "12,14,19,23,24,27",
            "blue": "01",
            "blue2": "",
            "sales": "531219172",
            "poolmoney": "1090940461",
            "content": "河北1注,辽宁1注,江苏5注,重庆1注,广东2注,四川2注,云南1注,陕西1注,共14注。其中一等奖特别奖为：河北1注,江苏5注,重庆1注,四川2注,云南1注,陕西1注。",
            "addmoney": "",
            "addmoney2": "",
            "zj1": "11",
            "mj1": "2272727",
            "zj6": "6314477",
            "mj6": "5",
            "msg": "下期一等奖特别奖派奖金额：25000000元。\n下期六等奖翻番奖奖金余额：285994870元。",
            "z2add": "",
            "m2add": "",
            "prizegrades": [
                {
                    "type": 1,
                    "typenum": "14",
                    "typemoney": "7490724"
                },
                {
                    "type": 2,
                    "typenum": "193",
                    "typemoney": "225842"
                },
                {
                    "type": 3,
                    "typenum": "1358",
                    "typemoney": "3000"
                },
                {
                    "type": 4,
                    "typenum": "79425",
                    "typemoney": "200"
                },
                {
                    "type": 5,
                    "typenum": "1545315",
                    "typemoney": "10"
                },
                {
                    "type": 6,
                    "typenum": "10106904",
                    "typemoney": "5"
                },
                {
                    "type": 7,
                    "typenum": "",
                    "typemoney": ""
                }
            ]
        },
        {
            "name": "双色球",
            "code": "2021138",
            "detailsLink": "/c/2021/12/02/494783.shtml",
            "videoLink": "/c/2021/12/02/494782.shtml",
            "date": "2021-12-02(四)",
            "week": "四",
            "red": "11,14,15,16,27,32",
            "blue": "09",
            "blue2": "",
            "sales": "486491502",
            "poolmoney": "1065047563",
            "content": "河北1注,吉林1注,山东2注,重庆1注,河南1注,广东7注,广西1注,四川2注,云南2注,新疆2注,共20注。其中一等奖特别奖为：河北1注,吉林1注,山东1注,重庆1注,广东7注,四川1注,云南2注,新疆2注。",
            "addmoney": "",
            "addmoney2": "",
            "zj1": "16",
            "mj1": "1562500",
            "zj6": "16274866",
            "mj6": "5",
            "msg": "下期一等奖特别奖派奖金额：25000000元。\n下期六等奖翻番奖奖金余额：317567255元。",
            "z2add": "",
            "m2add": "",
            "prizegrades": [
                {
                    "type": 1,
                    "typenum": "20",
                    "typemoney": "5685347"
                },
                {
                    "type": 2,
                    "typenum": "123",
                    "typemoney": "139298"
                },
                {
                    "type": 3,
                    "typenum": "2695",
                    "typemoney": "3000"
                },
                {
                    "type": 4,
                    "typenum": "124016",
                    "typemoney": "200"
                },
                {
                    "type": 5,
                    "typenum": "2089301",
                    "typemoney": "10"
                },
                {
                    "type": 6,
                    "typenum": "23212968",
                    "typemoney": "5"
                },
                {
                    "type": 7,
                    "typenum": "",
                    "typemoney": ""
                }
            ]
        },
        {
            "name": "双色球",
            "code": "2021137",
            "detailsLink": "/c/2021/11/30/494669.shtml",
            "videoLink": "/c/2021/11/30/494668.shtml",
            "date": "2021-11-30(二)",
            "week": "二",
            "red": "03,07,10,14,21,24",
            "blue": "01",
            "blue2": "",
            "sales": "474456734",
            "poolmoney": "1127353431",
            "content": "北京2注,辽宁1注,浙江1注,安徽3注,福建1注,重庆1注,四川2注,贵州4注,陕西3注,深圳1注,共19注。其中一等奖特别奖为：安徽1注,重庆1注,四川2注,贵州4注,陕西3注。",
            "addmoney": "",
            "addmoney2": "",
            "zj1": "11",
            "mj1": "2272727",
            "zj6": "7711312",
            "mj6": "5",
            "msg": "下期一等奖特别奖派奖金额：25000000元。\n下期六等奖翻番奖奖金余额：398941585元。",
            "z2add": "",
            "m2add": "",
            "prizegrades": [
                {
                    "type": 1,
                    "typenum": "19",
                    "typemoney": "6420588"
                },
                {
                    "type": 2,
                    "typenum": "274",
                    "typemoney": "123134"
                },
                {
                    "type": 3,
                    "typenum": "1796",
                    "typemoney": "3000"
                },
                {
                    "type": 4,
                    "typenum": "88992",
                    "typemoney": "200"
                },
                {
                    "type": 5,
                    "typenum": "1677279",
                    "typemoney": "10"
                },
                {
                    "type": 6,
                    "typenum": "11513744",
                    "typemoney": "5"
                },
                {
                    "type": 7,
                    "typenum": "",
                    "typemoney": ""
                }
            ]
        },
        {
            "name": "双色球",
            "code": "2021136",
            "detailsLink": "/c/2021/11/28/494455.shtml",
            "videoLink": "/c/2021/11/28/494454.shtml",
            "date": "2021-11-28(日)",
            "week": "日",
            "red": "02,06,09,15,19,28",
            "blue": "16",
            "blue2": "",
            "sales": "517068910",
            "poolmoney": "1148127692",
            "content": "内蒙古2注,辽宁2注,浙江1注,安徽1注,山东2注,四川1注,云南1注,共10注。其中一等奖特别奖为：内蒙古2注,浙江1注,山东2注,四川1注。",
            "addmoney": "",
            "addmoney2": "",
            "zj1": "6",
            "mj1": "6666666",
            "zj6": "7718080",
            "mj6": "5",
            "msg": "下期一等奖特别奖派奖金额：25000000元。\n下期六等奖翻番奖奖金余额：437498145元。",
            "z2add": "",
            "m2add": "",
            "prizegrades": [
                {
                    "type": 1,
                    "typenum": "10",
                    "typemoney": "7908192"
                },
                {
                    "type": 2,
                    "typenum": "319",
                    "typemoney": "113957"
                },
                {
                    "type": 3,
                    "typenum": "1777",
                    "typemoney": "3000"
                },
                {
                    "type": 4,
                    "typenum": "108928",
                    "typemoney": "200"
                },
                {
                    "type": 5,
                    "typenum": "2066923",
                    "typemoney": "10"
                },
                {
                    "type": 6,
                    "typenum": "12033664",
                    "typemoney": "5"
                },
                {
                    "type": 7,
                    "typenum": "",
                    "typemoney": ""
                }
            ]
        },
        {
            "name": "双色球",
            "code": "2021135",
            "detailsLink": "/c/2021/11/25/494436.shtml",
            "videoLink": "/c/2021/11/25/494435.shtml",
            "date": "2021-11-25(四)",
            "week": "四",
            "red": "03,10,17,19,21,31",
            "blue": "04",
            "blue2": "",
            "sales": "486663630",
            "poolmoney": "1118152404",
            "content": "安徽1注,共1注。其中一等奖特别奖为：安徽1注。",
            "addmoney": "",
            "addmoney2": "",
            "zj1": "1",
            "mj1": "10000000",
            "zj6": "6948157",
            "mj6": "5",
            "msg": "下期一等奖特别奖派奖金额：40000000元。\n下期六等奖翻番奖奖金余额：476088545元。",
            "z2add": "",
            "m2add": "",
            "prizegrades": [
                {
                    "type": 1,
                    "typenum": "1",
                    "typemoney": "10000000"
                },
                {
                    "type": 2,
                    "typenum": "124",
                    "typemoney": "303985"
                },
                {
                    "type": 3,
                    "typenum": "1371",
                    "typemoney": "3000"
                },
                {
                    "type": 4,
                    "typenum": "73580",
                    "typemoney": "200"
                },
                {
                    "type": 5,
                    "typenum": "1449338",
                    "typemoney": "10"
                },
                {
                    "type": 6,
                    "typenum": "10873194",
                    "typemoney": "5"
                },
                {
                    "type": 7,
                    "typenum": "",
                    "typemoney": ""
                }
            ]
        },
        {
            "name": "双色球",
            "code": "2021134",
            "detailsLink": "/c/2021/11/23/494322.shtml",
            "videoLink": "/c/2021/11/23/494321.shtml",
            "date": "2021-11-23(二)",
            "week": "二",
            "red": "01,02,16,19,25,31",
            "blue": "08",
            "blue2": "",
            "sales": "472467398",
            "poolmoney": "1015069784",
            "content": "河北2注,上海1注,江苏1注,广东5注,云南2注,共11注。其中一等奖特别奖为：河北1注,上海1注,江苏1注,广东5注。",
            "addmoney": "",
            "addmoney2": "",
            "zj1": "8",
            "mj1": "3125000",
            "zj6": "7429900",
            "mj6": "5",
            "msg": "下期一等奖特别奖派奖金额：25000000元。\n下期六等奖翻番奖奖金余额：510829330元。",
            "z2add": "",
            "m2add": "",
            "prizegrades": [
                {
                    "type": 1,
                    "typenum": "11",
                    "typemoney": "7491866"
                },
                {
                    "type": 2,
                    "typenum": "109",
                    "typemoney": "314340"
                },
                {
                    "type": 3,
                    "typenum": "1246",
                    "typemoney": "3000"
                },
                {
                    "type": 4,
                    "typenum": "73202",
                    "typemoney": "200"
                },
                {
                    "type": 5,
                    "typenum": "1501384",
                    "typemoney": "10"
                },
                {
                    "type": 6,
                    "typenum": "12212826",
                    "typemoney": "5"
                },
                {
                    "type": 7,
                    "typenum": "",
                    "typemoney": ""
                }
            ]
        },
        {
            "name": "双色球",
            "code": "2021133",
            "detailsLink": "/c/2021/11/21/494208.shtml",
            "videoLink": "/c/2021/11/21/494207.shtml",
            "date": "2021-11-21(日)",
            "week": "日",
            "red": "01,03,12,19,27,31",
            "blue": "10",
            "blue2": "",
            "sales": "511607016",
            "poolmoney": "994690824",
            "content": "吉林1注,黑龙江1注,浙江1注,江西3注,湖南1注,广东1注,陕西2注,宁夏2注,共12注。其中一等奖特别奖为：黑龙江1注,浙江1注,江西3注,湖南1注,广东1注,宁夏2注。",
            "addmoney": "",
            "addmoney2": "",
            "zj1": "9",
            "mj1": "2963758",
            "zj6": "8064355",
            "mj6": "5",
            "msg": "下期一等奖特别奖派奖金额：25000000元。\n下期六等奖翻番奖奖金余额：547978830元。",
            "z2add": "",
            "m2add": "",
            "prizegrades": [
                {
                    "type": 1,
                    "typenum": "12",
                    "typemoney": "7465121"
                },
                {
                    "type": 2,
                    "typenum": "171",
                    "typemoney": "216238"
                },
                {
                    "type": 3,
                    "typenum": "1708",
                    "typemoney": "3000"
                },
                {
                    "type": 4,
                    "typenum": "85746",
                    "typemoney": "200"
                },
                {
                    "type": 5,
                    "typenum": "1647164",
                    "typemoney": "10"
                },
                {
                    "type": 6,
                    "typenum": "12807060",
                    "typemoney": "5"
                },
                {
                    "type": 7,
                    "typenum": "",
                    "typemoney": ""
                }
            ]
        },
        {
            "name": "双色球",
            "code": "2021132",
            "detailsLink": "/c/2021/11/18/494188.shtml",
            "videoLink": "/c/2021/11/18/494187.shtml",
            "date": "2021-11-18(四)",
            "week": "四",
            "red": "01,04,06,14,20,28",
            "blue": "08",
            "blue2": "",
            "sales": "490071244",
            "poolmoney": "973341811",
            "content": "河北1注,山东2注,湖北1注,海南1注,云南1注,共6注。其中一等奖特别奖为：山东2注,湖北1注。",
            "addmoney": "",
            "addmoney2": "",
            "zj1": "3",
            "mj1": "7775391",
            "zj6": "14754406",
            "mj6": "5",
            "msg": "下期一等奖特别奖派奖金额：26673827元。\n下期六等奖翻番奖奖金余额：588300605元。",
            "z2add": "",
            "m2add": "",
            "prizegrades": [
                {
                    "type": 1,
                    "typenum": "6",
                    "typemoney": "7775391"
                },
                {
                    "type": 2,
                    "typenum": "171",
                    "typemoney": "121727"
                },
                {
                    "type": 3,
                    "typenum": "2515",
                    "typemoney": "3000"
                },
                {
                    "type": 4,
                    "typenum": "112683",
                    "typemoney": "200"
                },
                {
                    "type": 5,
                    "typenum": "2014998",
                    "typemoney": "10"
                },
                {
                    "type": 6,
                    "typenum": "21328314",
                    "typemoney": "5"
                },
                {
                    "type": 7,
                    "typenum": "",
                    "typemoney": ""
                }
            ]
        },
        {
            "name": "双色球",
            "code": "2021131",
            "detailsLink": "/c/2021/11/16/494074.shtml",
            "videoLink": "/c/2021/11/16/494073.shtml",
            "date": "2021-11-16(二)",
            "week": "二",
            "red": "08,11,18,19,20,24",
            "blue": "01",
            "blue2": "",
            "sales": "465860738",
            "poolmoney": "957547844",
            "content": "内蒙古1注,江苏1注,浙江1注,福建1注,广西1注,云南1注,共6注。其中一等奖特别奖为：江苏1注,浙江1注,福建1注。",
            "addmoney": "",
            "addmoney2": "",
            "zj1": "3",
            "mj1": "8333333",
            "zj6": "7585473",
            "mj6": "5",
            "msg": "下期一等奖特别奖派奖金额：25000000元。\n下期六等奖翻番奖奖金余额：662072635元。",
            "z2add": "",
            "m2add": "",
            "prizegrades": [
                {
                    "type": 1,
                    "typenum": "6",
                    "typemoney": "9453797"
                },
                {
                    "type": 2,
                    "typenum": "116",
                    "typemoney": "287961"
                },
                {
                    "type": 3,
                    "typenum": "1557",
                    "typemoney": "3000"
                },
                {
                    "type": 4,
                    "typenum": "83815",
                    "typemoney": "200"
                },
                {
                    "type": 5,
                    "typenum": "1646913",
                    "typemoney": "10"
                },
                {
                    "type": 6,
                    "typenum": "11350940",
                    "typemoney": "5"
                },
                {
                    "type": 7,
                    "typenum": "",
                    "typemoney": ""
                }
            ]
        },
        {
            "name": "双色球",
            "code": "2021130",
            "detailsLink": "/c/2021/11/14/493960.shtml",
            "videoLink": "/c/2021/11/14/493959.shtml",
            "date": "2021-11-14(日)",
            "week": "日",
            "red": "08,09,15,24,26,30",
            "blue": "06",
            "blue2": "",
            "sales": "398037824",
            "poolmoney": "914060182",
            "content": "江苏3注,浙江2注,安徽1注,河南1注,湖南1注,广东1注,四川1注,云南2注,共12注。",
            "addmoney": "",
            "addmoney2": "",
            "msg": "下期一等奖特别奖派奖金额：25000000元。\n\n下期六等奖翻番奖奖金余额：700000000元。",
            "z2add": "",
            "m2add": "",
            "prizegrades": [
                {
                    "type": 1,
                    "typenum": "12",
                    "typemoney": "6336861"
                },
                {
                    "type": 2,
                    "typenum": "155",
                    "typemoney": "129373"
                },
                {
                    "type": 3,
                    "typenum": "2429",
                    "typemoney": "3000"
                },
                {
                    "type": 4,
                    "typenum": "115998",
                    "typemoney": "200"
                },
                {
                    "type": 5,
                    "typenum": "1966635",
                    "typemoney": "10"
                },
                {
                    "type": 6,
                    "typenum": "12934782",
                    "typemoney": "5"
                },
                {
                    "type": 7,
                    "typenum": "",
                    "typemoney": ""
                }
            ]
        },
        {
            "name": "双色球",
            "code": "2021129",
            "detailsLink": "/c/2021/11/11/493741.shtml",
            "videoLink": "/c/2021/11/11/493740.shtml",
            "date": "2021-11-11(四)",
            "week": "四",
            "red": "04,15,21,27,28,29",
            "blue": "10",
            "blue2": "",
            "sales": "365299936",
            "poolmoney": "929943762",
            "content": "浙江1注,福建1注,广东1注,四川1注,陕西1注,共5注。",
            "addmoney": "",
            "addmoney2": "",
            "msg": "",
            "z2add": "",
            "m2add": "",
            "prizegrades": [
                {
                    "type": 1,
                    "typenum": "5",
                    "typemoney": "7512285"
                },
                {
                    "type": 2,
                    "typenum": "139",
                    "typemoney": "112962"
                },
                {
                    "type": 3,
                    "typenum": "1834",
                    "typemoney": "3000"
                },
                {
                    "type": 4,
                    "typenum": "87135",
                    "typemoney": "200"
                },
                {
                    "type": 5,
                    "typenum": "1538163",
                    "typemoney": "10"
                },
                {
                    "type": 6,
                    "typenum": "15575841",
                    "typemoney": "5"
                },
                {
                    "type": 7,
                    "typenum": "",
                    "typemoney": ""
                }
            ]
        },
        {
            "name": "双色球",
            "code": "2021128",
            "detailsLink": "/c/2021/11/09/493427.shtml",
            "videoLink": "/c/2021/11/09/493426.shtml",
            "date": "2021-11-09(二)",
            "week": "二",
            "red": "05,17,20,21,23,33",
            "blue": "04",
            "blue2": "",
            "sales": "349441520",
            "poolmoney": "920399839",
            "content": "内蒙古1注,湖南2注,共3注。",
            "addmoney": "",
            "addmoney2": "",
            "msg": "",
            "z2add": "",
            "m2add": "",
            "prizegrades": [
                {
                    "type": 1,
                    "typenum": "3",
                    "typemoney": "10000000"
                },
                {
                    "type": 2,
                    "typenum": "66",
                    "typemoney": "369015"
                },
                {
                    "type": 3,
                    "typenum": "990",
                    "typemoney": "3000"
                },
                {
                    "type": 4,
                    "typenum": "54506",
                    "typemoney": "200"
                },
                {
                    "type": 5,
                    "typenum": "1090322",
                    "typemoney": "10"
                },
                {
                    "type": 6,
                    "typenum": "9806384",
                    "typemoney": "5"
                },
                {
                    "type": 7,
                    "typenum": "",
                    "typemoney": ""
                }
            ]
        },
        {
            "name": "双色球",
            "code": "2021127",
            "detailsLink": "/c/2021/11/07/493013.shtml",
            "videoLink": "/c/2021/11/07/493012.shtml",
            "date": "2021-11-07(日)",
            "week": "日",
            "red": "07,15,16,20,27,29",
            "blue": "07",
            "blue2": "",
            "sales": "365976552",
            "poolmoney": "877334837",
            "content": "上海1注,浙江1注,福建1注,江西1注,山东1注,广东2注,四川3注,共10注。",
            "addmoney": "",
            "addmoney2": "",
            "msg": "",
            "z2add": "",
            "m2add": "",
            "prizegrades": [
                {
                    "type": 1,
                    "typenum": "10",
                    "typemoney": "6816913"
                },
                {
                    "type": 2,
                    "typenum": "96",
                    "typemoney": "236577"
                },
                {
                    "type": 3,
                    "typenum": "1551",
                    "typemoney": "3000"
                },
                {
                    "type": 4,
                    "typenum": "77141",
                    "typemoney": "200"
                },
                {
                    "type": 5,
                    "typenum": "1348446",
                    "typemoney": "10"
                },
                {
                    "type": 6,
                    "typenum": "10983440",
                    "typemoney": "5"
                },
                {
                    "type": 7,
                    "typenum": "",
                    "typemoney": ""
                }
            ]
        },
        {
            "name": "双色球",
            "code": "2021126",
            "detailsLink": "/c/2021/11/04/492894.shtml",
            "videoLink": "/c/2021/11/04/492893.shtml",
            "date": "2021-11-04(四)",
            "week": "四",
            "red": "19,20,23,27,28,31",
            "blue": "01",
            "blue2": "",
            "sales": "358964852",
            "poolmoney": "877369730",
            "content": "山西1注,辽宁5注,共6注。",
            "addmoney": "",
            "addmoney2": "",
            "msg": "",
            "z2add": "",
            "m2add": "",
            "prizegrades": [
                {
                    "type": 1,
                    "typenum": "6",
                    "typemoney": "8689696"
                },
                {
                    "type": 2,
                    "typenum": "90",
                    "typemoney": "307474"
                },
                {
                    "type": 3,
                    "typenum": "716",
                    "typemoney": "3000"
                },
                {
                    "type": 4,
                    "typenum": "40239",
                    "typemoney": "200"
                },
                {
                    "type": 5,
                    "typenum": "895666",
                    "typemoney": "10"
                },
                {
                    "type": 6,
                    "typenum": "9209887",
                    "typemoney": "5"
                },
                {
                    "type": 7,
                    "typenum": "",
                    "typemoney": ""
                }
            ]
        },
        {
            "name": "双色球",
            "code": "2021125",
            "detailsLink": "/c/2021/11/02/492780.shtml",
            "videoLink": "/c/2021/11/02/492779.shtml",
            "date": "2021-11-02(二)",
            "week": "二",
            "red": "14,19,20,23,24,31",
            "blue": "09",
            "blue2": "",
            "sales": "354978672",
            "poolmoney": "846489745",
            "content": "内蒙古1注,上海1注,广东1注,甘肃1注,共4注。",
            "addmoney": "",
            "addmoney2": "",
            "msg": "",
            "z2add": "",
            "m2add": "",
            "prizegrades": [
                {
                    "type": 1,
                    "typenum": "4",
                    "typemoney": "8898474"
                },
                {
                    "type": 2,
                    "typenum": "84",
                    "typemoney": "232052"
                },
                {
                    "type": 3,
                    "typenum": "1239",
                    "typemoney": "3000"
                },
                {
                    "type": 4,
                    "typenum": "65556",
                    "typemoney": "200"
                },
                {
                    "type": 5,
                    "typenum": "1223620",
                    "typemoney": "10"
                },
                {
                    "type": 6,
                    "typenum": "13381133",
                    "typemoney": "5"
                },
                {
                    "type": 7,
                    "typenum": "",
                    "typemoney": ""
                }
            ]
        },
        {
            "name": "双色球",
            "code": "2021124",
            "detailsLink": "/c/2021/10/31/492666.shtml",
            "videoLink": "/c/2021/10/31/492665.shtml",
            "date": "2021-10-31(日)",
            "week": "日",
            "red": "01,03,18,22,29,32",
            "blue": "02",
            "blue2": "",
            "sales": "394848530",
            "poolmoney": "823606529",
            "content": "北京1注,江苏2注,福建2注,广东1注,深圳2注,共8注。",
            "addmoney": "",
            "addmoney2": "",
            "msg": "",
            "z2add": "",
            "m2add": "",
            "prizegrades": [
                {
                    "type": 1,
                    "typenum": "8",
                    "typemoney": "7956250"
                },
                {
                    "type": 2,
                    "typenum": "117",
                    "typemoney": "252670"
                },
                {
                    "type": 3,
                    "typenum": "1011",
                    "typemoney": "3000"
                },
                {
                    "type": 4,
                    "typenum": "55712",
                    "typemoney": "200"
                },
                {
                    "type": 5,
                    "typenum": "1164759",
                    "typemoney": "10"
                },
                {
                    "type": 6,
                    "typenum": "9880553",
                    "typemoney": "5"
                },
                {
                    "type": 7,
                    "typenum": "",
                    "typemoney": ""
                }
            ]
        },
        {
            "name": "双色球",
            "code": "2021123",
            "detailsLink": "/c/2021/10/28/492647.shtml",
            "videoLink": "/c/2021/10/28/492646.shtml",
            "date": "2021-10-28(四)",
            "week": "四",
            "red": "06,14,15,19,29,31",
            "blue": "05",
            "blue2": "",
            "sales": "366471258",
            "poolmoney": "798569016",
            "content": "河北1注,辽宁1注,山东1注,河南1注,湖北1注,湖南1注,共6注。",
            "addmoney": "",
            "addmoney2": "",
            "msg": "",
            "z2add": "",
            "m2add": "",
            "prizegrades": [
                {
                    "type": 1,
                    "typenum": "6",
                    "typemoney": "8473913"
                },
                {
                    "type": 2,
                    "typenum": "207",
                    "typemoney": "125866"
                },
                {
                    "type": 3,
                    "typenum": "1429",
                    "typemoney": "3000"
                },
                {
                    "type": 4,
                    "typenum": "81160",
                    "typemoney": "200"
                },
                {
                    "type": 5,
                    "typenum": "1561057",
                    "typemoney": "10"
                },
                {
                    "type": 6,
                    "typenum": "7844786",
                    "typemoney": "5"
                },
                {
                    "type": 7,
                    "typenum": "",
                    "typemoney": ""
                }
            ]
        },
        {
            "name": "双色球",
            "code": "2021122",
            "detailsLink": "/c/2021/10/26/492433.shtml",
            "videoLink": "/c/2021/10/26/492432.shtml",
            "date": "2021-10-26(二)",
            "week": "二",
            "red": "04,05,12,15,18,28",
            "blue": "07",
            "blue2": "",
            "sales": "360872924",
            "poolmoney": "771249437",
            "content": "北京1注,重庆1注,广东1注,贵州1注,云南1注,共5注。",
            "addmoney": "",
            "addmoney2": "",
            "msg": "",
            "z2add": "",
            "m2add": "",
            "prizegrades": [
                {
                    "type": 1,
                    "typenum": "5",
                    "typemoney": "8231591"
                },
                {
                    "type": 2,
                    "typenum": "91",
                    "typemoney": "221949"
                },
                {
                    "type": 3,
                    "typenum": "1608",
                    "typemoney": "3000"
                },
                {
                    "type": 4,
                    "typenum": "78204",
                    "typemoney": "200"
                },
                {
                    "type": 5,
                    "typenum": "1406855",
                    "typemoney": "10"
                },
                {
                    "type": 6,
                    "typenum": "12300918",
                    "typemoney": "5"
                },
                {
                    "type": 7,
                    "typenum": "",
                    "typemoney": ""
                }
            ]
        },
        {
            "name": "双色球",
            "code": "2021121",
            "detailsLink": "/c/2021/10/24/492319.shtml",
            "videoLink": "/c/2021/10/24/492318.shtml",
            "date": "2021-10-24(日)",
            "week": "日",
            "red": "04,05,12,16,22,30",
            "blue": "15",
            "blue2": "",
            "sales": "390361524",
            "poolmoney": "751815051",
            "content": "江苏1注,浙江1注,山东3注,甘肃2注,共7注。",
            "addmoney": "",
            "addmoney2": "",
            "msg": "",
            "z2add": "",
            "m2add": "",
            "prizegrades": [
                {
                    "type": 1,
                    "typenum": "7",
                    "typemoney": "7721874"
                },
                {
                    "type": 2,
                    "typenum": "205",
                    "typemoney": "116177"
                },
                {
                    "type": 3,
                    "typenum": "1769",
                    "typemoney": "3000"
                },
                {
                    "type": 4,
                    "typenum": "98135",
                    "typemoney": "200"
                },
                {
                    "type": 5,
                    "typenum": "1755290",
                    "typemoney": "10"
                },
                {
                    "type": 6,
                    "typenum": "10704926",
                    "typemoney": "5"
                },
                {
                    "type": 7,
                    "typenum": "",
                    "typemoney": ""
                }
            ]
        },
        {
            "name": "双色球",
            "code": "2021120",
            "detailsLink": "/c/2021/10/21/492300.shtml",
            "videoLink": "/c/2021/10/21/492299.shtml",
            "date": "2021-10-21(四)",
            "week": "四",
            "red": "01,07,08,12,13,18",
            "blue": "05",
            "blue2": "",
            "sales": "355518696",
            "poolmoney": "734418962",
            "content": "河北11注,山西1注,辽宁1注,吉林1注,黑龙江1注,浙江2注,山东1注,重庆2注,河南12注,湖北2注,广西1注,四川2注,陕西1注,甘肃1注,深圳1注,共40注。",
            "addmoney": "",
            "addmoney2": "",
            "msg": "",
            "z2add": "",
            "m2add": "",
            "prizegrades": [
                {
                    "type": 1,
                    "typenum": "40",
                    "typemoney": "5268563"
                },
                {
                    "type": 2,
                    "typenum": "496",
                    "typemoney": "27072"
                },
                {
                    "type": 3,
                    "typenum": "3968",
                    "typemoney": "3000"
                },
                {
                    "type": 4,
                    "typenum": "135450",
                    "typemoney": "200"
                },
                {
                    "type": 5,
                    "typenum": "1958845",
                    "typemoney": "10"
                },
                {
                    "type": 6,
                    "typenum": "12381809",
                    "typemoney": "5"
                },
                {
                    "type": 7,
                    "typenum": "",
                    "typemoney": ""
                }
            ]
        },
        {
            "name": "双色球",
            "code": "2021119",
            "detailsLink": "/c/2021/10/19/492186.shtml",
            "videoLink": "/c/2021/10/19/492185.shtml",
            "date": "2021-10-19(二)",
            "week": "二",
            "red": "03,09,10,11,28,29",
            "blue": "13",
            "blue2": "",
            "sales": "356935346",
            "poolmoney": "904876996",
            "content": "天津1注,辽宁1注,黑龙江1注,浙江1注,江西1注,重庆4注,湖北1注,湖南3注,广东1注,陕西1注,共15注。",
            "addmoney": "",
            "addmoney2": "",
            "msg": "",
            "z2add": "",
            "m2add": "",
            "prizegrades": [
                {
                    "type": 1,
                    "typenum": "15",
                    "typemoney": "6354639"
                },
                {
                    "type": 2,
                    "typenum": "356",
                    "typemoney": "71346"
                },
                {
                    "type": 3,
                    "typenum": "1861",
                    "typemoney": "3000"
                },
                {
                    "type": 4,
                    "typenum": "93916",
                    "typemoney": "200"
                },
                {
                    "type": 5,
                    "typenum": "1712832",
                    "typemoney": "10"
                },
                {
                    "type": 6,
                    "typenum": "6361168",
                    "typemoney": "5"
                },
                {
                    "type": 7,
                    "typenum": "",
                    "typemoney": ""
                }
            ]
        },
        {
            "name": "双色球",
            "code": "2021118",
            "detailsLink": "/c/2021/10/17/492072.shtml",
            "videoLink": "/c/2021/10/17/492071.shtml",
            "date": "2021-10-17(日)",
            "week": "日",
            "red": "02,06,14,18,20,31",
            "blue": "13",
            "blue2": "",
            "sales": "386079710",
            "poolmoney": "923998119",
            "content": "北京1注,浙江1注,山东1注,湖北1注,四川2注,共6注。",
            "addmoney": "",
            "addmoney2": "",
            "msg": "",
            "z2add": "",
            "m2add": "",
            "prizegrades": [
                {
                    "type": 1,
                    "typenum": "6",
                    "typemoney": "8460209"
                },
                {
                    "type": 2,
                    "typenum": "126",
                    "typemoney": "205964"
                },
                {
                    "type": 3,
                    "typenum": "1285",
                    "typemoney": "3000"
                },
                {
                    "type": 4,
                    "typenum": "68471",
                    "typemoney": "200"
                },
                {
                    "type": 5,
                    "typenum": "1267023",
                    "typemoney": "10"
                },
                {
                    "type": 6,
                    "typenum": "11030667",
                    "typemoney": "5"
                },
                {
                    "type": 7,
                    "typenum": "",
                    "typemoney": ""
                }
            ]
        },
        {
            "name": "双色球",
            "code": "2021117",
            "detailsLink": "/c/2021/10/14/492053.shtml",
            "videoLink": "/c/2021/10/14/492052.shtml",
            "date": "2021-10-14(四)",
            "week": "四",
            "red": "03,05,17,21,27,33",
            "blue": "04",
            "blue2": "",
            "sales": "358589610",
            "poolmoney": "896904658",
            "content": "安徽1注,河南2注,广东1注,贵州1注,云南5注,共10注。",
            "addmoney": "",
            "addmoney2": "",
            "msg": "",
            "z2add": "",
            "m2add": "",
            "prizegrades": [
                {
                    "type": 1,
                    "typenum": "10",
                    "typemoney": "6782803"
                },
                {
                    "type": 2,
                    "typenum": "101",
                    "typemoney": "220644"
                },
                {
                    "type": 3,
                    "typenum": "1443",
                    "typemoney": "3000"
                },
                {
                    "type": 4,
                    "typenum": "69491",
                    "typemoney": "200"
                },
                {
                    "type": 5,
                    "typenum": "1187525",
                    "typemoney": "10"
                },
                {
                    "type": 6,
                    "typenum": "11293252",
                    "typemoney": "5"
                },
                {
                    "type": 7,
                    "typenum": "",
                    "typemoney": ""
                }
            ]
        },
        {
            "name": "双色球",
            "code": "2021116",
            "detailsLink": "/c/2021/10/12/491939.shtml",
            "videoLink": "/c/2021/10/12/491938.shtml",
            "date": "2021-10-12(二)",
            "week": "二",
            "red": "06,14,17,18,31,33",
            "blue": "06",
            "blue2": "",
            "sales": "355338790",
            "poolmoney": "897877549",
            "content": "上海1注,安徽1注,广东1注,共3注。",
            "addmoney": "",
            "addmoney2": "",
            "msg": "",
            "z2add": "",
            "m2add": "",
            "prizegrades": [
                {
                    "type": 1,
                    "typenum": "3",
                    "typemoney": "10000000"
                },
                {
                    "type": 2,
                    "typenum": "46",
                    "typemoney": "552161"
                },
                {
                    "type": 3,
                    "typenum": "1108",
                    "typemoney": "3000"
                },
                {
                    "type": 4,
                    "typenum": "51903",
                    "typemoney": "200"
                },
                {
                    "type": 5,
                    "typenum": "1035380",
                    "typemoney": "10"
                },
                {
                    "type": 6,
                    "typenum": "9691974",
                    "typemoney": "5"
                },
                {
                    "type": 7,
                    "typenum": "",
                    "typemoney": ""
                }
            ]
        },
        {
            "name": "双色球",
            "code": "2021115",
            "detailsLink": "/c/2021/10/10/491825.shtml",
            "videoLink": "/c/2021/10/10/491824.shtml",
            "date": "2021-10-10(日)",
            "week": "日",
            "red": "02,10,12,15,24,27",
            "blue": "08",
            "blue2": "",
            "sales": "380172848",
            "poolmoney": "851679247",
            "content": "河北1注,内蒙古1注,福建1注,广东1注,云南1注,共5注。",
            "addmoney": "",
            "addmoney2": "",
            "msg": "",
            "z2add": "",
            "m2add": "",
            "prizegrades": [
                {
                    "type": 1,
                    "typenum": "5",
                    "typemoney": "7857682"
                },
                {
                    "type": 2,
                    "typenum": "100",
                    "typemoney": "178605"
                },
                {
                    "type": 3,
                    "typenum": "1755",
                    "typemoney": "3000"
                },
                {
                    "type": 4,
                    "typenum": "82453",
                    "typemoney": "200"
                },
                {
                    "type": 5,
                    "typenum": "1469923",
                    "typemoney": "10"
                },
                {
                    "type": 6,
                    "typenum": "15677560",
                    "typemoney": "5"
                },
                {
                    "type": 7,
                    "typenum": "",
                    "typemoney": ""
                }
            ]
        },
        {
            "name": "双色球",
            "code": "2021114",
            "detailsLink": "/c/2021/10/07/491706.shtml",
            "videoLink": "/c/2021/10/07/491705.shtml",
            "date": "2021-10-07(四)",
            "week": "四",
            "red": "04,06,08,14,24,27",
            "blue": "02",
            "blue2": "",
            "sales": "337378334",
            "poolmoney": "837386111",
            "content": "河北1注,山西2注,共3注。",
            "addmoney": "",
            "addmoney2": "",
            "msg": "",
            "z2add": "",
            "m2add": "",
            "prizegrades": [
                {
                    "type": 1,
                    "typenum": "3",
                    "typemoney": "10000000"
                },
                {
                    "type": 2,
                    "typenum": "177",
                    "typemoney": "158159"
                },
                {
                    "type": 3,
                    "typenum": "1159",
                    "typemoney": "3000"
                },
                {
                    "type": 4,
                    "typenum": "49586",
                    "typemoney": "200"
                },
                {
                    "type": 5,
                    "typenum": "1051972",
                    "typemoney": "10"
                },
                {
                    "type": 6,
                    "typenum": "5884946",
                    "typemoney": "5"
                },
                {
                    "type": 7,
                    "typenum": "",
                    "typemoney": ""
                }
            ]
        },
        {
            "name": "双色球",
            "code": "2021113",
            "detailsLink": "/c/2021/10/05/491692.shtml",
            "videoLink": "/c/2021/10/05/491691.shtml",
            "date": "2021-10-05(二)",
            "week": "二",
            "red": "04,07,10,22,27,30",
            "blue": "02",
            "blue2": "",
            "sales": "293434838",
            "poolmoney": "783403562",
            "content": "江苏1注,浙江1注,安徽1注,福建1注,江西1注,山东4注,广东1注,广西1注,四川1注,共12注。",
            "addmoney": "",
            "addmoney2": "",
            "msg": "",
            "z2add": "",
            "m2add": "",
            "prizegrades": [
                {
                    "type": 1,
                    "typenum": "12",
                    "typemoney": "6380290"
                },
                {
                    "type": 2,
                    "typenum": "231",
                    "typemoney": "89629"
                },
                {
                    "type": 3,
                    "typenum": "1313",
                    "typemoney": "3000"
                },
                {
                    "type": 4,
                    "typenum": "69736",
                    "typemoney": "200"
                },
                {
                    "type": 5,
                    "typenum": "1260963",
                    "typemoney": "10"
                },
                {
                    "type": 6,
                    "typenum": "6093964",
                    "typemoney": "5"
                },
                {
                    "type": 7,
                    "typenum": "",
                    "typemoney": ""
                }
            ]
        },
        {
            "name": "双色球",
            "code": "2021112",
            "detailsLink": "/c/2021/09/30/491685.shtml",
            "videoLink": "/c/2021/09/30/491684.shtml",
            "date": "2021-09-30(四)",
            "week": "四",
            "red": "05,06,21,25,28,33",
            "blue": "07",
            "blue2": "",
            "sales": "370338224",
            "poolmoney": "797853981",
            "content": "北京2注,河北1注,上海1注,江苏2注,浙江4注,安徽3注,福建1注,广东2注,广西1注,四川2注,贵州1注,陕西1注,深圳1注,共22注。",
            "addmoney": "",
            "addmoney2": "",
            "msg": "",
            "z2add": "",
            "m2add": "",
            "prizegrades": [
                {
                    "type": 1,
                    "typenum": "22",
                    "typemoney": "5394421"
                },
                {
                    "type": 2,
                    "typenum": "229",
                    "typemoney": "47364"
                },
                {
                    "type": 3,
                    "typenum": "4288",
                    "typemoney": "3000"
                },
                {
                    "type": 4,
                    "typenum": "157535",
                    "typemoney": "200"
                },
                {
                    "type": 5,
                    "typenum": "2140687",
                    "typemoney": "10"
                },
                {
                    "type": 6,
                    "typenum": "14460308",
                    "typemoney": "5"
                },
                {
                    "type": 7,
                    "typenum": "",
                    "typemoney": ""
                }
            ]
        },
        {
            "name": "双色球",
            "code": "2021111",
            "detailsLink": "/c/2021/09/28/491271.shtml",
            "videoLink": "/c/2021/09/28/491270.shtml",
            "date": "2021-09-28(二)",
            "week": "二",
            "red": "17,20,22,23,26,28",
            "blue": "06",
            "blue2": "",
            "sales": "358360092",
            "poolmoney": "883991506",
            "content": "河北1注,河南1注,广东1注,共3注。",
            "addmoney": "",
            "addmoney2": "",
            "msg": "",
            "z2add": "",
            "m2add": "",
            "prizegrades": [
                {
                    "type": 1,
                    "typenum": "3",
                    "typemoney": "10000000"
                },
                {
                    "type": 2,
                    "typenum": "96",
                    "typemoney": "219919"
                },
                {
                    "type": 3,
                    "typenum": "1367",
                    "typemoney": "3000"
                },
                {
                    "type": 4,
                    "typenum": "66536",
                    "typemoney": "200"
                },
                {
                    "type": 5,
                    "typenum": "1272844",
                    "typemoney": "10"
                },
                {
                    "type": 6,
                    "typenum": "12202161",
                    "typemoney": "5"
                },
                {
                    "type": 7,
                    "typenum": "",
                    "typemoney": ""
                }
            ]
        },
        {
            "name": "双色球",
            "code": "2021110",
            "detailsLink": "/c/2021/09/26/491057.shtml",
            "videoLink": "/c/2021/09/26/491056.shtml",
            "date": "2021-09-26(日)",
            "week": "日",
            "red": "10,13,15,24,31,32",
            "blue": "02",
            "blue2": "",
            "sales": "394569218",
            "poolmoney": "850654756",
            "content": "浙江1注,山东1注,四川1注,云南1注,陕西1注,共5注。",
            "addmoney": "",
            "addmoney2": "",
            "msg": "",
            "z2add": "",
            "m2add": "",
            "prizegrades": [
                {
                    "type": 1,
                    "typenum": "5",
                    "typemoney": "9736534"
                },
                {
                    "type": 2,
                    "typenum": "246",
                    "typemoney": "120338"
                },
                {
                    "type": 3,
                    "typenum": "999",
                    "typemoney": "3000"
                },
                {
                    "type": 4,
                    "typenum": "48494",
                    "typemoney": "200"
                },
                {
                    "type": 5,
                    "typenum": "978568",
                    "typemoney": "10"
                },
                {
                    "type": 6,
                    "typenum": "10488816",
                    "typemoney": "5"
                },
                {
                    "type": 7,
                    "typenum": "",
                    "typemoney": ""
                }
            ]
        },
        {
            "name": "双色球",
            "code": "2021109",
            "detailsLink": "/c/2021/09/23/491038.shtml",
            "videoLink": "/c/2021/09/23/491037.shtml",
            "date": "2021-09-23(四)",
            "week": "四",
            "red": "02,03,10,17,20,26",
            "blue": "16",
            "blue2": "",
            "sales": "366715360",
            "poolmoney": "810527410",
            "content": "内蒙古1注,黑龙江1注,福建1注,广东1注,共4注。",
            "addmoney": "",
            "addmoney2": "",
            "msg": "",
            "z2add": "",
            "m2add": "",
            "prizegrades": [
                {
                    "type": 1,
                    "typenum": "4",
                    "typemoney": "9492827"
                },
                {
                    "type": 2,
                    "typenum": "132",
                    "typemoney": "170182"
                },
                {
                    "type": 3,
                    "typenum": "1041",
                    "typemoney": "3000"
                },
                {
                    "type": 4,
                    "typenum": "64041",
                    "typemoney": "200"
                },
                {
                    "type": 5,
                    "typenum": "1255240",
                    "typemoney": "10"
                },
                {
                    "type": 6,
                    "typenum": "12270077",
                    "typemoney": "5"
                },
                {
                    "type": 7,
                    "typenum": "",
                    "typemoney": ""
                }
            ]
        },
        {
            "name": "双色球",
            "code": "2021108",
            "detailsLink": "/c/2021/09/21/490922.shtml",
            "videoLink": "/c/2021/09/21/490921.shtml",
            "date": "2021-09-21(二)",
            "week": "二",
            "red": "11,15,18,24,26,32",
            "blue": "09",
            "blue2": "",
            "sales": "339998838",
            "poolmoney": "781106313",
            "content": "福建1注,山东3注,重庆1注,共5注。",
            "addmoney": "",
            "addmoney2": "",
            "msg": "",
            "z2add": "",
            "m2add": "",
            "prizegrades": [
                {
                    "type": 1,
                    "typenum": "5",
                    "typemoney": "8478207"
                },
                {
                    "type": 2,
                    "typenum": "118",
                    "typemoney": "184227"
                },
                {
                    "type": 3,
                    "typenum": "1022",
                    "typemoney": "3000"
                },
                {
                    "type": 4,
                    "typenum": "64483",
                    "typemoney": "200"
                },
                {
                    "type": 5,
                    "typenum": "1287213",
                    "typemoney": "10"
                },
                {
                    "type": 6,
                    "typenum": "10161904",
                    "typemoney": "5"
                },
                {
                    "type": 7,
                    "typenum": "",
                    "typemoney": ""
                }
            ]
        },
        {
            "name": "双色球",
            "code": "2021107",
            "detailsLink": "/c/2021/09/19/490808.shtml",
            "videoLink": "/c/2021/09/19/490807.shtml",
            "date": "2021-09-19(日)",
            "week": "日",
            "red": "02,03,17,19,25,30",
            "blue": "01",
            "blue2": "",
            "sales": "367139964",
            "poolmoney": "758280964",
            "content": "天津1注,浙江2注,山东1注,湖北2注,广东1注,共7注。",
            "addmoney": "",
            "addmoney2": "",
            "msg": "",
            "z2add": "",
            "m2add": "",
            "prizegrades": [
                {
                    "type": 1,
                    "typenum": "7",
                    "typemoney": "7867703"
                },
                {
                    "type": 2,
                    "typenum": "151",
                    "typemoney": "166174"
                },
                {
                    "type": 3,
                    "typenum": "1967",
                    "typemoney": "3000"
                },
                {
                    "type": 4,
                    "typenum": "87514",
                    "typemoney": "200"
                },
                {
                    "type": 5,
                    "typenum": "1471919",
                    "typemoney": "10"
                },
                {
                    "type": 6,
                    "typenum": "8281192",
                    "typemoney": "5"
                },
                {
                    "type": 7,
                    "typenum": "",
                    "typemoney": ""
                }
            ]
        },
        {
            "name": "双色球",
            "code": "2021106",
            "detailsLink": "/c/2021/09/16/490689.shtml",
            "videoLink": "/c/2021/09/16/490688.shtml",
            "date": "2021-09-16(四)",
            "week": "四",
            "red": "01,04,07,14,30,31",
            "blue": "03",
            "blue2": "",
            "sales": "364122996",
            "poolmoney": "738077667",
            "content": "河北1注,浙江1注,福建1注,江西1注,山东1注,湖南2注,共7注。",
            "addmoney": "",
            "addmoney2": "",
            "msg": "",
            "z2add": "",
            "m2add": "",
            "prizegrades": [
                {
                    "type": 1,
                    "typenum": "7",
                    "typemoney": "8130452"
                },
                {
                    "type": 2,
                    "typenum": "150",
                    "typemoney": "182609"
                },
                {
                    "type": 3,
                    "typenum": "1137",
                    "typemoney": "3000"
                },
                {
                    "type": 4,
                    "typenum": "58151",
                    "typemoney": "200"
                },
                {
                    "type": 5,
                    "typenum": "1188236",
                    "typemoney": "10"
                },
                {
                    "type": 6,
                    "typenum": "8386172",
                    "typemoney": "5"
                },
                {
                    "type": 7,
                    "typenum": "",
                    "typemoney": ""
                }
            ]
        },
        {
            "name": "双色球",
            "code": "2021105",
            "detailsLink": "/c/2021/09/14/490575.shtml",
            "videoLink": "/c/2021/09/14/490574.shtml",
            "date": "2021-09-14(二)",
            "week": "二",
            "red": "10,14,15,22,27,32",
            "blue": "09",
            "blue2": "",
            "sales": "357292170",
            "poolmoney": "712816451",
            "content": "辽宁1注,浙江2注,山东1注,重庆2注,河南1注,湖北1注,新疆1注,共9注。",
            "addmoney": "",
            "addmoney2": "",
            "msg": "",
            "z2add": "",
            "m2add": "",
            "prizegrades": [
                {
                    "type": 1,
                    "typenum": "9",
                    "typemoney": "6993977"
                },
                {
                    "type": 2,
                    "typenum": "174",
                    "typemoney": "128920"
                },
                {
                    "type": 3,
                    "typenum": "1497",
                    "typemoney": "3000"
                },
                {
                    "type": 4,
                    "typenum": "70287",
                    "typemoney": "200"
                },
                {
                    "type": 5,
                    "typenum": "1250498",
                    "typemoney": "10"
                },
                {
                    "type": 6,
                    "typenum": "10858158",
                    "typemoney": "5"
                },
                {
                    "type": 7,
                    "typenum": "",
                    "typemoney": ""
                }
            ]
        },
        {
            "name": "双色球",
            "code": "2021104",
            "detailsLink": "/c/2021/09/12/490151.shtml",
            "videoLink": "/c/2021/09/12/490150.shtml",
            "date": "2021-09-12(日)",
            "week": "日",
            "red": "01,07,17,20,22,28",
            "blue": "15",
            "blue2": "",
            "sales": "397369092",
            "poolmoney": "708465505",
            "content": "安徽1注,山东1注,湖南3注,深圳1注,共6注。",
            "addmoney": "",
            "addmoney2": "",
            "msg": "",
            "z2add": "",
            "m2add": "",
            "prizegrades": [
                {
                    "type": 1,
                    "typenum": "6",
                    "typemoney": "9475659"
                },
                {
                    "type": 2,
                    "typenum": "101",
                    "typemoney": "332350"
                },
                {
                    "type": 3,
                    "typenum": "964",
                    "typemoney": "3000"
                },
                {
                    "type": 4,
                    "typenum": "56794",
                    "typemoney": "200"
                },
                {
                    "type": 5,
                    "typenum": "1292130",
                    "typemoney": "10"
                },
                {
                    "type": 6,
                    "typenum": "6653795",
                    "typemoney": "5"
                },
                {
                    "type": 7,
                    "typenum": "",
                    "typemoney": ""
                }
            ]
        },
        {
            "name": "双色球",
            "code": "2021103",
            "detailsLink": "/c/2021/09/10/490123.shtml",
            "videoLink": "/c/2021/09/10/490122.shtml",
            "date": "2021-09-09(四)",
            "week": "四",
            "red": "10,13,15,25,29,30",
            "blue": "15",
            "blue2": "",
            "sales": "369736978",
            "poolmoney": "664617126",
            "content": "山东1注,广东1注,共2注。",
            "addmoney": "",
            "addmoney2": "",
            "msg": "",
            "z2add": "",
            "m2add": "",
            "prizegrades": [
                {
                    "type": 1,
                    "typenum": "2",
                    "typemoney": "10000000"
                },
                {
                    "type": 2,
                    "typenum": "122",
                    "typemoney": "233872"
                },
                {
                    "type": 3,
                    "typenum": "1121",
                    "typemoney": "3000"
                },
                {
                    "type": 4,
                    "typenum": "63371",
                    "typemoney": "200"
                },
                {
                    "type": 5,
                    "typenum": "1254029",
                    "typemoney": "10"
                },
                {
                    "type": 6,
                    "typenum": "7692762",
                    "typemoney": "5"
                },
                {
                    "type": 7,
                    "typenum": "",
                    "typemoney": ""
                }
            ]
        },
        {
            "name": "双色球",
            "code": "2021102",
            "detailsLink": "/c/2021/09/10/490118.shtml",
            "videoLink": "/c/2021/09/10/490117.shtml",
            "date": "2021-09-07(二)",
            "week": "二",
            "red": "05,09,15,24,27,30",
            "blue": "09",
            "blue2": "",
            "sales": "357853464",
            "poolmoney": "599019763",
            "content": "河北1注,山西1注,内蒙古1注,江苏1注,浙江16注,山东1注,河南3注,湖北2注,湖南1注,广东2注,贵州1注,云南1注,陕西1注,宁夏1注,深圳1注,共34注。",
            "addmoney": "",
            "addmoney2": "",
            "msg": "",
            "z2add": "",
            "m2add": "",
            "prizegrades": [
                {
                    "type": 1,
                    "typenum": "34",
                    "typemoney": "5285653"
                },
                {
                    "type": 2,
                    "typenum": "236",
                    "typemoney": "51441"
                },
                {
                    "type": 3,
                    "typenum": "3484",
                    "typemoney": "3000"
                },
                {
                    "type": 4,
                    "typenum": "133111",
                    "typemoney": "200"
                },
                {
                    "type": 5,
                    "typenum": "1938593",
                    "typemoney": "10"
                },
                {
                    "type": 6,
                    "typenum": "14065408",
                    "typemoney": "5"
                },
                {
                    "type": 7,
                    "typenum": "",
                    "typemoney": ""
                }
            ]
        },
        {
            "name": "双色球",
            "code": "2021101",
            "detailsLink": "/c/2021/09/10/490114.shtml",
            "videoLink": "/c/2021/09/10/490113.shtml",
            "date": "2021-09-05(日)",
            "week": "日",
            "red": "02,04,12,22,29,31",
            "blue": "01",
            "blue2": "",
            "sales": "393612094",
            "poolmoney": "742311198",
            "content": "河北1注,江苏1注,福建1注,江西1注,河南1注,四川1注,共6注。",
            "addmoney": "",
            "addmoney2": "",
            "msg": "",
            "z2add": "",
            "m2add": "",
            "prizegrades": [
                {
                    "type": 1,
                    "typenum": "6",
                    "typemoney": "8682830"
                },
                {
                    "type": 2,
                    "typenum": "107",
                    "typemoney": "258142"
                },
                {
                    "type": 3,
                    "typenum": "1128",
                    "typemoney": "3000"
                },
                {
                    "type": 4,
                    "typenum": "64342",
                    "typemoney": "200"
                },
                {
                    "type": 5,
                    "typenum": "1279444",
                    "typemoney": "10"
                },
                {
                    "type": 6,
                    "typenum": "10667635",
                    "typemoney": "5"
                },
                {
                    "type": 7,
                    "typenum": "",
                    "typemoney": ""
                }
            ]
        },
        {
            "name": "双色球",
            "code": "2021100",
            "detailsLink": "/c/2021/09/02/487892.shtml",
            "videoLink": "/c/2021/09/02/487891.shtml",
            "date": "2021-09-02(四)",
            "week": "四",
            "red": "07,09,12,13,14,29",
            "blue": "16",
            "blue2": "",
            "sales": "364068238",
            "poolmoney": "711544497",
            "content": "湖南1注,贵州4注,云南1注,陕西2注,共8注。",
            "addmoney": "",
            "addmoney2": "",
            "msg": "",
            "z2add": "",
            "m2add": "",
            "prizegrades": [
                {
                    "type": 1,
                    "typenum": "8",
                    "typemoney": "7583366"
                },
                {
                    "type": 2,
                    "typenum": "170",
                    "typemoney": "151962"
                },
                {
                    "type": 3,
                    "typenum": "1289",
                    "typemoney": "3000"
                },
                {
                    "type": 4,
                    "typenum": "78715",
                    "typemoney": "200"
                },
                {
                    "type": 5,
                    "typenum": "1572343",
                    "typemoney": "10"
                },
                {
                    "type": 6,
                    "typenum": "7945070",
                    "typemoney": "5"
                },
                {
                    "type": 7,
                    "typenum": "",
                    "typemoney": ""
                }
            ]
        }
    ]
}