{
    "state": 0,
    "message": "查询成功",
    "pageCount": 1,
    "countNum": 0,
    "Tflag": 0,
    "result": [
        {
            "name": "双色球",
            "code": "2022127",
            "detailsLink": "/c/2022/11/06/521190.shtml",
            "videoLink": "/c/2022/11/06/521189.shtml",
            "date": "2022-11-06(日)",
            "week": "日",
            "red": "03,04,09,10,29,33",
            "blue": "13",
            "blue2": "",
            "sales": "_",
            "poolmoney": "_",
            "content": "",
            "addmoney": "",
            "addmoney2": "",
            "msg": "",
            "z2add": "",
            "m2add": "",
            "prizegrades": [
                {
                    "type": 1,
                    "typenum": "_",
                    "typemoney": "_"
                },
                {
                    "type": 2,
                    "typenum": "_",
                    "typemoney": "_"
                },
                {
                    "type": 3,
                    "typenum": "_",
                    "typemoney": "_"
                },
                {
                    "type": 4,
                    "typenum": "_",
                    "typemoney": "_"
                },
                {
                    "type": 5,
                    "typenum": "_",
                    "typemoney": "_"
                },
                {
                    "type": 6,
                    "typenum": "_",
                    "typemoney": "_"
                },
                {
                    "type": 7,
                    "typenum": "",
                    "typemoney": ""
                }
            ]
        },
        {
            "name": "双色球",
            "code": "2022126",
            "detailsLink": "/c/2022/11/03/520868.shtml",
            "videoLink": "/c/2022/11/03/520867.shtml",
            "date": "2022-11-03(四)",
            "week": "四",
            "red": "01,13,15,17,26,33",
            "blue": "13",
            "blue2": "",
            "sales": "436137344",
            "poolmoney": "1807038683",
            "content": "内蒙古1注,浙江1注,四川2注,陕西2注,共6注。其中一等奖特别奖为：浙江1注,四川2注,陕西2注。",
            "addmoney": "",
            "addmoney2": "",
            "zj1": "5",
            "mj1": "4000000",
            "zj6": "6612435",
            "mj6": "5",
            "msg": "下期一等奖特别奖派奖金额：20000000元。\n下期六等奖翻番奖奖金余额：724010720元。",
            "z2add": "",
            "m2add": "",
            "prizegrades": [
                {
                    "type": 1,
                    "typenum": "6",
                    "typemoney": "9507372"
                },
                {
                    "type": 2,
                    "typenum": "151",
                    "typemoney": "223876"
                },
                {
                    "type": 3,
                    "typenum": "1313",
                    "typemoney": "3000"
                },
                {
                    "type": 4,
                    "typenum": "63365",
                    "typemoney": "200"
                },
                {
                    "type": 5,
                    "typenum": "1314147",
                    "typemoney": "10"
                },
                {
                    "type": 6,
                    "typenum": "9746531",
                    "typemoney": "5"
                },
                {
                    "type": 7,
                    "typenum": "",
                    "typemoney": ""
                }
            ]
        },
        {
            "name": "双色球",
            "code": "2022125",
            "detailsLink": "/c/2022/11/01/520651.shtml",
            "videoLink": "/c/2022/11/01/520654.shtml",
            "date": "2022-11-01(二)",
            "week": "二",
            "red": "02,03,07,12,20,31",
            "blue": "16",
            "blue2": "",
            "sales": "429659904",
            "poolmoney": "1762667038",
            "content": "山西1注,山东2注,湖北1注,云南2注,陕西1注,共7注。其中一等奖特别奖为：山西1注,山东1注,云南2注,陕西1注。",
            "addmoney": "",
            "addmoney2": "",
            "zj1": "5",
            "mj1": "4000000",
            "zj6": "8585421",
            "mj6": "5",
            "msg": "下期一等奖特别奖派奖金额：20000000元。\n下期六等奖翻番奖奖金余额：757072895元。",
            "z2add": "",
            "m2add": "",
            "prizegrades": [
                {
                    "type": 1,
                    "typenum": "7",
                    "typemoney": "7965155"
                },
                {
                    "type": 2,
                    "typenum": "231",
                    "typemoney": "112316"
                },
                {
                    "type": 3,
                    "typenum": "2009",
                    "typemoney": "3000"
                },
                {
                    "type": 4,
                    "typenum": "107367",
                    "typemoney": "200"
                },
                {
                    "type": 5,
                    "typenum": "1746982",
                    "typemoney": "10"
                },
                {
                    "type": 6,
                    "typenum": "12356541",
                    "typemoney": "5"
                },
                {
                    "type": 7,
                    "typenum": "",
                    "typemoney": ""
                }
            ]
        },
        {
            "name": "双色球",
            "code": "2022124",
            "detailsLink": "/c/2022/10/30/520437.shtml",
            "videoLink": "/c/2022/10/30/520436.shtml",
            "date": "2022-10-30(日)",
            "week": "日",
            "red": "05,10,13,18,24,26",
            "blue": "01",
            "blue2": "",
            "sales": "383396494",
            "poolmoney": "1740587803",
            "content": "北京1注,安徽1注,海南1注,四川1注,共4注。",
            "addmoney": "",
            "addmoney2": "",
            "msg": "下期一等奖特别奖派奖金额：20000000元。\n\n下期六等奖翻番奖奖金余额：800000000元。",
            "z2add": "",
            "m2add": "",
            "prizegrades": [
                {
                    "type": 1,
                    "typenum": "4",
                    "typemoney": "10000000"
                },
                {
                    "type": 2,
                    "typenum": "124",
                    "typemoney": "234571"
                },
                {
                    "type": 3,
                    "typenum": "1161",
                    "typemoney": "3000"
                },
                {
                    "type": 4,
                    "typenum": "62669",
                    "typemoney": "200"
                },
                {
                    "type": 5,
                    "typenum": "1294124",
                    "typemoney": "10"
                },
                {
                    "type": 6,
                    "typenum": "8511715",
                    "typemoney": "5"
                },
                {
                    "type": 7,
                    "typenum": "",
                    "typemoney": ""
                }
            ]
        },
        {
            "name": "双色球",
            "code": "2022123",
            "detailsLink": "/c/2022/10/27/520215.shtml",
            "videoLink": "/c/2022/10/27/520214.shtml",
            "date": "2022-10-27(四)",
            "week": "四",
            "red": "10,13,16,20,21,25",
            "blue": "05",
            "blue2": "",
            "sales": "360850820",
            "poolmoney": "1693327054",
            "content": "天津1注,内蒙古1注,江苏2注,安徽1注,河南1注,广东1注,广西1注,共8注。",
            "addmoney": "",
            "addmoney2": "",
            "msg": "",
            "z2add": "",
            "m2add": "",
            "prizegrades": [
                {
                    "type": 1,
                    "typenum": "8",
                    "typemoney": "7557633"
                },
                {
                    "type": 2,
                    "typenum": "637",
                    "typemoney": "40151"
                },
                {
                    "type": 3,
                    "typenum": "1247",
                    "typemoney": "3000"
                },
                {
                    "type": 4,
                    "typenum": "93856",
                    "typemoney": "200"
                },
                {
                    "type": 5,
                    "typenum": "1669819",
                    "typemoney": "10"
                },
                {
                    "type": 6,
                    "typenum": "7060237",
                    "typemoney": "5"
                },
                {
                    "type": 7,
                    "typenum": "",
                    "typemoney": ""
                }
            ]
        },
        {
            "name": "双色球",
            "code": "2022122",
            "detailsLink": "/c/2022/10/25/519798.shtml",
            "videoLink": "/c/2022/10/25/519797.shtml",
            "date": "2022-10-25(二)",
            "week": "二",
            "red": "06,08,17,19,24,28",
            "blue": "05",
            "blue2": "",
            "sales": "350001646",
            "poolmoney": "1677059125",
            "content": "北京2注,河北2注,山西1注,辽宁1注,浙江3注,安徽1注,山东3注,湖北3注,湖南1注,四川8注,云南1注,共26注。",
            "addmoney": "",
            "addmoney2": "",
            "msg": "",
            "z2add": "",
            "m2add": "",
            "prizegrades": [
                {
                    "type": 1,
                    "typenum": "26",
                    "typemoney": "5519812"
                },
                {
                    "type": 2,
                    "typenum": "214",
                    "typemoney": "78943"
                },
                {
                    "type": 3,
                    "typenum": "2763",
                    "typemoney": "3000"
                },
                {
                    "type": 4,
                    "typenum": "104504",
                    "typemoney": "200"
                },
                {
                    "type": 5,
                    "typenum": "1750138",
                    "typemoney": "10"
                },
                {
                    "type": 6,
                    "typenum": "11446800",
                    "typemoney": "5"
                },
                {
                    "type": 7,
                    "typenum": "",
                    "typemoney": ""
                }
            ]
        },
        {
            "name": "双色球",
            "code": "2022121",
            "detailsLink": "/c/2022/10/23/519279.shtml",
            "videoLink": "/c/2022/10/23/519278.shtml",
            "date": "2022-10-23(日)",
            "week": "日",
            "red": "12,17,22,27,30,31",
            "blue": "02",
            "blue2": "",
            "sales": "380066114",
            "poolmoney": "1769892531",
            "content": "河北1注,山东1注,湖南1注,云南5注,共8注。",
            "addmoney": "",
            "addmoney2": "",
            "msg": "",
            "z2add": "",
            "m2add": "",
            "prizegrades": [
                {
                    "type": 1,
                    "typenum": "8",
                    "typemoney": "8069743"
                },
                {
                    "type": 2,
                    "typenum": "102",
                    "typemoney": "300955"
                },
                {
                    "type": 3,
                    "typenum": "789",
                    "typemoney": "3000"
                },
                {
                    "type": 4,
                    "typenum": "50976",
                    "typemoney": "200"
                },
                {
                    "type": 5,
                    "typenum": "1106522",
                    "typemoney": "10"
                },
                {
                    "type": 6,
                    "typenum": "7963048",
                    "typemoney": "5"
                },
                {
                    "type": 7,
                    "typenum": "",
                    "typemoney": ""
                }
            ]
        },
        {
            "name": "双色球",
            "code": "2022120",
            "detailsLink": "/c/2022/10/20/518951.shtml",
            "videoLink": "/c/2022/10/20/518950.shtml",
            "date": "2022-10-20(四)",
            "week": "四",
            "red": "02,15,19,26,27,29",
            "blue": "02",
            "blue2": "",
            "sales": "355500194",
            "poolmoney": "1742358177",
            "content": "上海1注,安徽1注,河南1注,广西40注,共43注。",
            "addmoney": "",
            "addmoney2": "",
            "msg": "",
            "z2add": "",
            "m2add": "",
            "prizegrades": [
                {
                    "type": 1,
                    "typenum": "43",
                    "typemoney": "5486128"
                },
                {
                    "type": 2,
                    "typenum": "288",
                    "typemoney": "90727"
                },
                {
                    "type": 3,
                    "typenum": "1042",
                    "typemoney": "3000"
                },
                {
                    "type": 4,
                    "typenum": "58726",
                    "typemoney": "200"
                },
                {
                    "type": 5,
                    "typenum": "1132983",
                    "typemoney": "10"
                },
                {
                    "type": 6,
                    "typenum": "8695309",
                    "typemoney": "5"
                },
                {
                    "type": 7,
                    "typenum": "",
                    "typemoney": ""
                }
            ]
        },
        {
            "name": "双色球",
            "code": "2022119",
            "detailsLink": "/c/2022/10/18/518530.shtml",
            "videoLink": "/c/2022/10/18/518529.shtml",
            "date": "2022-10-18(二)",
            "week": "二",
            "red": "02,05,15,18,26,27",
            "blue": "04",
            "blue2": "",
            "sales": "341495720",
            "poolmoney": "1899873541",
            "content": "山西2注,黑龙江1注,浙江1注,福建2注,湖北1注,广东2注,云南1注,甘肃1注,深圳1注,共12注。",
            "addmoney": "",
            "addmoney2": "",
            "msg": "",
            "z2add": "",
            "m2add": "",
            "prizegrades": [
                {
                    "type": 1,
                    "typenum": "12",
                    "typemoney": "6494901"
                },
                {
                    "type": 2,
                    "typenum": "309",
                    "typemoney": "72568"
                },
                {
                    "type": 3,
                    "typenum": "1455",
                    "typemoney": "3000"
                },
                {
                    "type": 4,
                    "typenum": "79692",
                    "typemoney": "200"
                },
                {
                    "type": 5,
                    "typenum": "1409223",
                    "typemoney": "10"
                },
                {
                    "type": 6,
                    "typenum": "8648633",
                    "typemoney": "5"
                },
                {
                    "type": 7,
                    "typenum": "",
                    "typemoney": ""
                }
            ]
        },
        {
            "name": "双色球",
            "code": "2022118",
            "detailsLink": "/c/2022/10/16/518211.shtml",
            "videoLink": "/c/2022/10/16/518210.shtml",
            "date": "2022-10-16(日)",
            "week": "日",
            "red": "02,06,07,11,14,33",
            "blue": "08",
            "blue2": "",
            "sales": "374309728",
            "poolmoney": "1910541782",
            "content": "江苏1注,福建1注,重庆2注,云南1注,共5注。",
            "addmoney": "",
            "addmoney2": "",
            "msg": "",
            "z2add": "",
            "m2add": "",
            "prizegrades": [
                {
                    "type": 1,
                    "typenum": "5",
                    "typemoney": "7499223"
                },
                {
                    "type": 2,
                    "typenum": "173",
                    "typemoney": "90289"
                },
                {
                    "type": 3,
                    "typenum": "1730",
                    "typemoney": "3000"
                },
                {
                    "type": 4,
                    "typenum": "81876",
                    "typemoney": "200"
                },
                {
                    "type": 5,
                    "typenum": "1455172",
                    "typemoney": "10"
                },
                {
                    "type": 6,
                    "typenum": "16962851",
                    "typemoney": "5"
                },
                {
                    "type": 7,
                    "typenum": "",
                    "typemoney": ""
                }
            ]
        },
        {
            "name": "双色球",
            "code": "2022117",
            "detailsLink": "/c/2022/10/13/517782.shtml",
            "videoLink": "/c/2022/10/13/517781.shtml",
            "date": "2022-10-13(四)",
            "week": "四",
            "red": "04,13,17,18,28,29",
            "blue": "06",
            "blue2": "",
            "sales": "345578024",
            "poolmoney": "1901177457",
            "content": "江苏2注,浙江1注,福建1注,湖南1注,广东1注,贵州1注,陕西2注,甘肃1注,宁夏1注,共11注。",
            "addmoney": "",
            "addmoney2": "",
            "msg": "",
            "z2add": "",
            "m2add": "",
            "prizegrades": [
                {
                    "type": 1,
                    "typenum": "11",
                    "typemoney": "6083031"
                },
                {
                    "type": 2,
                    "typenum": "166",
                    "typemoney": "89708"
                },
                {
                    "type": 3,
                    "typenum": "2284",
                    "typemoney": "3000"
                },
                {
                    "type": 4,
                    "typenum": "112037",
                    "typemoney": "200"
                },
                {
                    "type": 5,
                    "typenum": "1760031",
                    "typemoney": "10"
                },
                {
                    "type": 6,
                    "typenum": "12581357",
                    "typemoney": "5"
                },
                {
                    "type": 7,
                    "typenum": "",
                    "typemoney": ""
                }
            ]
        },
        {
            "name": "双色球",
            "code": "2022116",
            "detailsLink": "/c/2022/10/11/517562.shtml",
            "videoLink": "/c/2022/10/11/517561.shtml",
            "date": "2022-10-11(二)",
            "week": "二",
            "red": "08,14,26,27,30,33",
            "blue": "01",
            "blue2": "",
            "sales": "337975208",
            "poolmoney": "1923415752",
            "content": "江苏1注,共1注。",
            "addmoney": "",
            "addmoney2": "",
            "msg": "",
            "z2add": "",
            "m2add": "",
            "prizegrades": [
                {
                    "type": 1,
                    "typenum": "1",
                    "typemoney": "10000000"
                },
                {
                    "type": 2,
                    "typenum": "93",
                    "typemoney": "300121"
                },
                {
                    "type": 3,
                    "typenum": "977",
                    "typemoney": "3000"
                },
                {
                    "type": 4,
                    "typenum": "45197",
                    "typemoney": "200"
                },
                {
                    "type": 5,
                    "typenum": "979325",
                    "typemoney": "10"
                },
                {
                    "type": 6,
                    "typenum": "6439820",
                    "typemoney": "5"
                },
                {
                    "type": 7,
                    "typenum": "",
                    "typemoney": ""
                }
            ]
        },
        {
            "name": "双色球",
            "code": "2022115",
            "detailsLink": "/c/2022/10/09/517243.shtml",
            "videoLink": "/c/2022/10/09/517242.shtml",
            "date": "2022-10-09(日)",
            "week": "日",
            "red": "06,07,18,20,27,29",
            "blue": "09",
            "blue2": "",
            "sales": "359461828",
            "poolmoney": "1849681926",
            "content": "辽宁1注,吉林1注,浙江2注,安徽1注,福建1注,山东1注,河南2注,广东12注,四川10注,贵州1注,云南1注,共33注。",
            "addmoney": "",
            "addmoney2": "",
            "msg": "",
            "z2add": "",
            "m2add": "",
            "prizegrades": [
                {
                    "type": 1,
                    "typenum": "33",
                    "typemoney": "5308918"
                },
                {
                    "type": 2,
                    "typenum": "169",
                    "typemoney": "75401"
                },
                {
                    "type": 3,
                    "typenum": "2892",
                    "typemoney": "3000"
                },
                {
                    "type": 4,
                    "typenum": "119122",
                    "typemoney": "200"
                },
                {
                    "type": 5,
                    "typenum": "1943075",
                    "typemoney": "10"
                },
                {
                    "type": 6,
                    "typenum": "14646730",
                    "typemoney": "5"
                },
                {
                    "type": 7,
                    "typenum": "",
                    "typemoney": ""
                }
            ]
        },
        {
            "name": "双色球",
            "code": "2022114",
            "detailsLink": "/c/2022/10/06/516915.shtml",
            "videoLink": "/c/2022/10/06/516914.shtml",
            "date": "2022-10-06(四)",
            "week": "四",
            "red": "01,05,15,19,26,29",
            "blue": "13",
            "blue2": "",
            "sales": "347069064",
            "poolmoney": "1986647604",
            "content": "河北3注,黑龙江1注,上海1注,福建1注,山东1注,广东2注,云南2注,青海1注,共12注。",
            "addmoney": "",
            "addmoney2": "",
            "msg": "",
            "z2add": "",
            "m2add": "",
            "prizegrades": [
                {
                    "type": 1,
                    "typenum": "12",
                    "typemoney": "6667026"
                },
                {
                    "type": 2,
                    "typenum": "241",
                    "typemoney": "103756"
                },
                {
                    "type": 3,
                    "typenum": "1227",
                    "typemoney": "3000"
                },
                {
                    "type": 4,
                    "typenum": "66692",
                    "typemoney": "200"
                },
                {
                    "type": 5,
                    "typenum": "1292188",
                    "typemoney": "10"
                },
                {
                    "type": 6,
                    "typenum": "8020200",
                    "typemoney": "5"
                },
                {
                    "type": 7,
                    "typenum": "",
                    "typemoney": ""
                }
            ]
        },
        {
            "name": "双色球",
            "code": "2022113",
            "detailsLink": "/c/2022/09/29/516785.shtml",
            "videoLink": "/c/2022/09/29/516784.shtml",
            "date": "2022-09-29(四)",
            "week": "四",
            "red": "13,14,20,24,27,29",
            "blue": "02",
            "blue2": "",
            "sales": "363604180",
            "poolmoney": "1991635746",
            "content": "云南1注,甘肃1注,共2注。",
            "addmoney": "",
            "addmoney2": "",
            "msg": "",
            "z2add": "",
            "m2add": "",
            "prizegrades": [
                {
                    "type": 1,
                    "typenum": "2",
                    "typemoney": "10000000"
                },
                {
                    "type": 2,
                    "typenum": "84",
                    "typemoney": "294642"
                },
                {
                    "type": 3,
                    "typenum": "1036",
                    "typemoney": "3000"
                },
                {
                    "type": 4,
                    "typenum": "61319",
                    "typemoney": "200"
                },
                {
                    "type": 5,
                    "typenum": "1211708",
                    "typemoney": "10"
                },
                {
                    "type": 6,
                    "typenum": "10335443",
                    "typemoney": "5"
                },
                {
                    "type": 7,
                    "typenum": "",
                    "typemoney": ""
                }
            ]
        },
        {
            "name": "双色球",
            "code": "2022112",
            "detailsLink": "/c/2022/09/27/516364.shtml",
            "videoLink": "/c/2022/09/27/516363.shtml",
            "date": "2022-09-27(二)",
            "week": "二",
            "red": "03,05,08,17,25,31",
            "blue": "01",
            "blue2": "",
            "sales": "348893862",
            "poolmoney": "1937385782",
            "content": "安徽1注,湖北1注,广西2注,陕西1注,共5注。",
            "addmoney": "",
            "addmoney2": "",
            "msg": "",
            "z2add": "",
            "m2add": "",
            "prizegrades": [
                {
                    "type": 1,
                    "typenum": "5",
                    "typemoney": "9412037"
                },
                {
                    "type": 2,
                    "typenum": "169",
                    "typemoney": "163167"
                },
                {
                    "type": 3,
                    "typenum": "1073",
                    "typemoney": "3000"
                },
                {
                    "type": 4,
                    "typenum": "65301",
                    "typemoney": "200"
                },
                {
                    "type": 5,
                    "typenum": "1392200",
                    "typemoney": "10"
                },
                {
                    "type": 6,
                    "typenum": "6091173",
                    "typemoney": "5"
                },
                {
                    "type": 7,
                    "typenum": "",
                    "typemoney": ""
                }
            ]
        },
        {
            "name": "双色球",
            "code": "2022111",
            "detailsLink": "/c/2022/09/25/516145.shtml",
            "videoLink": "/c/2022/09/25/516144.shtml",
            "date": "2022-09-25(日)",
            "week": "日",
            "red": "02,10,11,13,28,31",
            "blue": "01",
            "blue2": "",
            "sales": "385923798",
            "poolmoney": "1901720272",
            "content": "上海1注,安徽1注,湖北1注,共3注。",
            "addmoney": "",
            "addmoney2": "",
            "msg": "",
            "z2add": "",
            "m2add": "",
            "prizegrades": [
                {
                    "type": 1,
                    "typenum": "3",
                    "typemoney": "10000000"
                },
                {
                    "type": 2,
                    "typenum": "160",
                    "typemoney": "198653"
                },
                {
                    "type": 3,
                    "typenum": "953",
                    "typemoney": "3000"
                },
                {
                    "type": 4,
                    "typenum": "51921",
                    "typemoney": "200"
                },
                {
                    "type": 5,
                    "typenum": "1075858",
                    "typemoney": "10"
                },
                {
                    "type": 6,
                    "typenum": "7592578",
                    "typemoney": "5"
                },
                {
                    "type": 7,
                    "typenum": "",
                    "typemoney": ""
                }
            ]
        },
        {
            "name": "双色球",
            "code": "2022110",
            "detailsLink": "/c/2022/09/22/516017.shtml",
            "videoLink": "/c/2022/09/22/516016.shtml",
            "date": "2022-09-22(四)",
            "week": "四",
            "red": "09,13,15,18,20,28",
            "blue": "15",
            "blue2": "",
            "sales": "352346658",
            "poolmoney": "1836366779",
            "content": "上海1注,浙江1注,江西2注,山东2注,贵州1注,共7注。",
            "addmoney": "",
            "addmoney2": "",
            "msg": "",
            "z2add": "",
            "m2add": "",
            "prizegrades": [
                {
                    "type": 1,
                    "typenum": "7",
                    "typemoney": "8127543"
                },
                {
                    "type": 2,
                    "typenum": "237",
                    "typemoney": "115468"
                },
                {
                    "type": 3,
                    "typenum": "1517",
                    "typemoney": "3000"
                },
                {
                    "type": 4,
                    "typenum": "71846",
                    "typemoney": "200"
                },
                {
                    "type": 5,
                    "typenum": "1358309",
                    "typemoney": "10"
                },
                {
                    "type": 6,
                    "typenum": "6136513",
                    "typemoney": "5"
                },
                {
                    "type": 7,
                    "typenum": "",
                    "typemoney": ""
                }
            ]
        },
        {
            "name": "双色球",
            "code": "2022109",
            "detailsLink": "/c/2022/09/20/515697.shtml",
            "videoLink": "/c/2022/09/20/515696.shtml",
            "date": "2022-09-20(二)",
            "week": "二",
            "red": "04,11,13,19,22,33",
            "blue": "11",
            "blue2": "",
            "sales": "349805376",
            "poolmoney": "1811161575",
            "content": "吉林2注,浙江2注,四川1注,共5注。",
            "addmoney": "",
            "addmoney2": "",
            "msg": "",
            "z2add": "",
            "m2add": "",
            "prizegrades": [
                {
                    "type": 1,
                    "typenum": "5",
                    "typemoney": "8345394"
                },
                {
                    "type": 2,
                    "typenum": "78",
                    "typemoney": "268060"
                },
                {
                    "type": 3,
                    "typenum": "1475",
                    "typemoney": "3000"
                },
                {
                    "type": 4,
                    "typenum": "75543",
                    "typemoney": "200"
                },
                {
                    "type": 5,
                    "typenum": "1271773",
                    "typemoney": "10"
                },
                {
                    "type": 6,
                    "typenum": "11103687",
                    "typemoney": "5"
                },
                {
                    "type": 7,
                    "typenum": "",
                    "typemoney": ""
                }
            ]
        },
        {
            "name": "双色球",
            "code": "2022108",
            "detailsLink": "/c/2022/09/18/515477.shtml",
            "videoLink": "/c/2022/09/18/515476.shtml",
            "date": "2022-09-18(日)",
            "week": "日",
            "red": "01,07,13,17,18,31",
            "blue": "15",
            "blue2": "",
            "sales": "379260702",
            "poolmoney": "1790162397",
            "content": "河北2注,上海1注,江苏2注,浙江1注,山东4注,广东1注,四川1注,云南1注,共13注。",
            "addmoney": "",
            "addmoney2": "",
            "msg": "",
            "z2add": "",
            "m2add": "",
            "prizegrades": [
                {
                    "type": 1,
                    "typenum": "13",
                    "typemoney": "6708669"
                },
                {
                    "type": 2,
                    "typenum": "269",
                    "typemoney": "103218"
                },
                {
                    "type": 3,
                    "typenum": "1547",
                    "typemoney": "3000"
                },
                {
                    "type": 4,
                    "typenum": "82351",
                    "typemoney": "200"
                },
                {
                    "type": 5,
                    "typenum": "1534591",
                    "typemoney": "10"
                },
                {
                    "type": 6,
                    "typenum": "7663429",
                    "typemoney": "5"
                },
                {
                    "type": 7,
                    "typenum": "",
                    "typemoney": ""
                }
            ]
        },
        {
            "name": "双色球",
            "code": "2022107",
            "detailsLink": "/c/2022/09/15/515348.shtml",
            "videoLink": "/c/2022/09/15/515347.shtml",
            "date": "2022-09-15(四)",
            "week": "四",
            "red": "03,09,11,15,19,28",
            "blue": "16",
            "blue2": "",
            "sales": "342747048",
            "poolmoney": "1794077479",
            "content": "山西1注,内蒙古1注,浙江2注,重庆2注,河南1注,广东1注,宁夏1注,共9注。",
            "addmoney": "",
            "addmoney2": "",
            "msg": "",
            "z2add": "",
            "m2add": "",
            "prizegrades": [
                {
                    "type": 1,
                    "typenum": "9",
                    "typemoney": "6545730"
                },
                {
                    "type": 2,
                    "typenum": "139",
                    "typemoney": "125104"
                },
                {
                    "type": 3,
                    "typenum": "2144",
                    "typemoney": "3000"
                },
                {
                    "type": 4,
                    "typenum": "100396",
                    "typemoney": "200"
                },
                {
                    "type": 5,
                    "typenum": "1743516",
                    "typemoney": "10"
                },
                {
                    "type": 6,
                    "typenum": "10888360",
                    "typemoney": "5"
                },
                {
                    "type": 7,
                    "typenum": "",
                    "typemoney": ""
                }
            ]
        },
        {
            "name": "双色球",
            "code": "2022106",
            "detailsLink": "/c/2022/09/13/514529.shtml",
            "videoLink": "/c/2022/09/13/514528.shtml",
            "date": "2022-09-13(二)",
            "week": "二",
            "red": "17,20,22,23,24,31",
            "blue": "01",
            "blue2": "",
            "sales": "336123528",
            "poolmoney": "1800820638",
            "content": "上海1注,山东1注,湖北1注,共3注。",
            "addmoney": "",
            "addmoney2": "",
            "msg": "",
            "z2add": "",
            "m2add": "",
            "prizegrades": [
                {
                    "type": 1,
                    "typenum": "3",
                    "typemoney": "10000000"
                },
                {
                    "type": 2,
                    "typenum": "50",
                    "typemoney": "555486"
                },
                {
                    "type": 3,
                    "typenum": "769",
                    "typemoney": "3000"
                },
                {
                    "type": 4,
                    "typenum": "42089",
                    "typemoney": "200"
                },
                {
                    "type": 5,
                    "typenum": "937948",
                    "typemoney": "10"
                },
                {
                    "type": 6,
                    "typenum": "6699781",
                    "typemoney": "5"
                },
                {
                    "type": 7,
                    "typenum": "",
                    "typemoney": ""
                }
            ]
        },
        {
            "name": "双色球",
            "code": "2022105",
            "detailsLink": "/c/2022/09/11/514309.shtml",
            "videoLink": "/c/2022/09/11/514308.shtml",
            "date": "2022-09-11(日)",
            "week": "日",
            "red": "06,12,13,15,21,23",
            "blue": "15",
            "blue2": "",
            "sales": "357410590",
            "poolmoney": "1747497631",
            "content": "河北2注,山东1注,广东1注,共4注。",
            "addmoney": "",
            "addmoney2": "",
            "msg": "",
            "z2add": "",
            "m2add": "",
            "prizegrades": [
                {
                    "type": 1,
                    "typenum": "4",
                    "typemoney": "10000000"
                },
                {
                    "type": 2,
                    "typenum": "85",
                    "typemoney": "325048"
                },
                {
                    "type": 3,
                    "typenum": "988",
                    "typemoney": "3000"
                },
                {
                    "type": 4,
                    "typenum": "52348",
                    "typemoney": "200"
                },
                {
                    "type": 5,
                    "typenum": "1100730",
                    "typemoney": "10"
                },
                {
                    "type": 6,
                    "typenum": "8034750",
                    "typemoney": "5"
                },
                {
                    "type": 7,
                    "typenum": "",
                    "typemoney": ""
                }
            ]
        },
        {
            "name": "双色球",
            "code": "2022104",
            "detailsLink": "/c/2022/09/08/514080.shtml",
            "videoLink": "/c/2022/09/08/514079.shtml",
            "date": "2022-09-08(四)",
            "week": "四",
            "red": "01,08,19,25,26,31",
            "blue": "01",
            "blue2": "",
            "sales": "337087306",
            "poolmoney": "1704610228",
            "content": "河北1注,山西1注,黑龙江1注,上海2注,江西1注,重庆5注,河南1注,广东2注,海南1注,云南2注,陕西1注,共18注。",
            "addmoney": "",
            "addmoney2": "",
            "msg": "",
            "z2add": "",
            "m2add": "",
            "prizegrades": [
                {
                    "type": 1,
                    "typenum": "18",
                    "typemoney": "5821410"
                },
                {
                    "type": 2,
                    "typenum": "214",
                    "typemoney": "86363"
                },
                {
                    "type": 3,
                    "typenum": "2358",
                    "typemoney": "3000"
                },
                {
                    "type": 4,
                    "typenum": "96467",
                    "typemoney": "200"
                },
                {
                    "type": 5,
                    "typenum": "1546479",
                    "typemoney": "10"
                },
                {
                    "type": 6,
                    "typenum": "9882728",
                    "typemoney": "5"
                },
                {
                    "type": 7,
                    "typenum": "",
                    "typemoney": ""
                }
            ]
        },
        {
            "name": "双色球",
            "code": "2022103",
            "detailsLink": "/c/2022/09/06/513661.shtml",
            "videoLink": "/c/2022/09/06/513660.shtml",
            "date": "2022-09-06(二)",
            "week": "二",
            "red": "06,09,12,14,20,28",
            "blue": "10",
            "blue2": "",
            "sales": "331343836",
            "poolmoney": "1753950406",
            "content": "北京1注,河北1注,辽宁1注,上海1注,江苏2注,湖北1注,广东1注,四川1注,贵州1注,深圳2注,共12注。",
            "addmoney": "",
            "addmoney2": "",
            "msg": "",
            "z2add": "",
            "m2add": "",
            "prizegrades": [
                {
                    "type": 1,
                    "typenum": "12",
                    "typemoney": "6266348"
                },
                {
                    "type": 2,
                    "typenum": "146",
                    "typemoney": "130104"
                },
                {
                    "type": 3,
                    "typenum": "1688",
                    "typemoney": "3000"
                },
                {
                    "type": 4,
                    "typenum": "82838",
                    "typemoney": "200"
                },
                {
                    "type": 5,
                    "typenum": "1431184",
                    "typemoney": "10"
                },
                {
                    "type": 6,
                    "typenum": "10086828",
                    "typemoney": "5"
                },
                {
                    "type": 7,
                    "typenum": "",
                    "typemoney": ""
                }
            ]
        },
        {
            "name": "双色球",
            "code": "2022102",
            "detailsLink": "/c/2022/09/04/513341.shtml",
            "videoLink": "/c/2022/09/04/513340.shtml",
            "date": "2022-09-04(日)",
            "week": "日",
            "red": "09,10,12,18,29,32",
            "blue": "14",
            "blue2": "",
            "sales": "360805992",
            "poolmoney": "1772160912",
            "content": "辽宁2注,黑龙江1注,上海1注,四川1注,贵州1注,共6注。",
            "addmoney": "",
            "addmoney2": "",
            "msg": "",
            "z2add": "",
            "m2add": "",
            "prizegrades": [
                {
                    "type": 1,
                    "typenum": "6",
                    "typemoney": "8618279"
                },
                {
                    "type": 2,
                    "typenum": "137",
                    "typemoney": "198080"
                },
                {
                    "type": 3,
                    "typenum": "887",
                    "typemoney": "3000"
                },
                {
                    "type": 4,
                    "typenum": "64340",
                    "typemoney": "200"
                },
                {
                    "type": 5,
                    "typenum": "1413562",
                    "typemoney": "10"
                },
                {
                    "type": 6,
                    "typenum": "7716388",
                    "typemoney": "5"
                },
                {
                    "type": 7,
                    "typenum": "",
                    "typemoney": ""
                }
            ]
        },
        {
            "name": "双色球",
            "code": "2022101",
            "detailsLink": "/c/2022/09/01/513113.shtml",
            "videoLink": "/c/2022/09/01/513112.shtml",
            "date": "2022-09-01(四)",
            "week": "四",
            "red": "04,16,18,19,27,28",
            "blue": "04",
            "blue2": "",
            "sales": "342584116",
            "poolmoney": "1742459306",
            "content": "辽宁1注,江苏20注,福建1注,广东3注,四川6注,云南1注,新疆1注,深圳1注,共34注。",
            "addmoney": "",
            "addmoney2": "",
            "msg": "",
            "z2add": "",
            "m2add": "",
            "prizegrades": [
                {
                    "type": 1,
                    "typenum": "34",
                    "typemoney": "5458579"
                },
                {
                    "type": 2,
                    "typenum": "134",
                    "typemoney": "145444"
                },
                {
                    "type": 3,
                    "typenum": "1919",
                    "typemoney": "3000"
                },
                {
                    "type": 4,
                    "typenum": "87840",
                    "typemoney": "200"
                },
                {
                    "type": 5,
                    "typenum": "1529875",
                    "typemoney": "10"
                },
                {
                    "type": 6,
                    "typenum": "10256790",
                    "typemoney": "5"
                },
                {
                    "type": 7,
                    "typenum": "",
                    "typemoney": ""
                }
            ]
        },
        {
            "name": "双色球",
            "code": "2022100",
            "detailsLink": "/c/2022/08/30/512693.shtml",
            "videoLink": "/c/2022/08/30/512692.shtml",
            "date": "2022-08-30(二)",
            "week": "二",
            "red": "02,06,07,15,20,21",
            "blue": "15",
            "blue2": "",
            "sales": "338953236",
            "poolmoney": "1869582122",
            "content": "江苏1注,福建5注,山东1注,重庆2注,湖北2注,共11注。",
            "addmoney": "",
            "addmoney2": "",
            "msg": "",
            "z2add": "",
            "m2add": "",
            "prizegrades": [
                {
                    "type": 1,
                    "typenum": "11",
                    "typemoney": "6875089"
                },
                {
                    "type": 2,
                    "typenum": "106",
                    "typemoney": "243230"
                },
                {
                    "type": 3,
                    "typenum": "826",
                    "typemoney": "3000"
                },
                {
                    "type": 4,
                    "typenum": "56800",
                    "typemoney": "200"
                },
                {
                    "type": 5,
                    "typenum": "1118203",
                    "typemoney": "10"
                },
                {
                    "type": 6,
                    "typenum": "7587423",
                    "typemoney": "5"
                },
                {
                    "type": 7,
                    "typenum": "",
                    "typemoney": ""
                }
            ]
        },
        {
            "name": "双色球",
            "code": "2022099",
            "detailsLink": "/c/2022/08/28/512373.shtml",
            "videoLink": "/c/2022/08/28/512372.shtml",
            "date": "2022-08-28(日)",
            "week": "日",
            "red": "01,11,23,24,26,32",
            "blue": "15",
            "blue2": "",
            "sales": "368635154",
            "poolmoney": "1867860655",
            "content": "内蒙古2注,上海1注,江苏1注,山东2注,四川1注,陕西1注,共8注。",
            "addmoney": "",
            "addmoney2": "",
            "msg": "",
            "z2add": "",
            "m2add": "",
            "prizegrades": [
                {
                    "type": 1,
                    "typenum": "8",
                    "typemoney": "7480623"
                },
                {
                    "type": 2,
                    "typenum": "256",
                    "typemoney": "96899"
                },
                {
                    "type": 3,
                    "typenum": "1769",
                    "typemoney": "3000"
                },
                {
                    "type": 4,
                    "typenum": "92541",
                    "typemoney": "200"
                },
                {
                    "type": 5,
                    "typenum": "1564632",
                    "typemoney": "10"
                },
                {
                    "type": 6,
                    "typenum": "8388954",
                    "typemoney": "5"
                },
                {
                    "type": 7,
                    "typenum": "",
                    "typemoney": ""
                }
            ]
        },
        {
            "name": "双色球",
            "code": "2022098",
            "detailsLink": "/c/2022/08/25/512244.shtml",
            "videoLink": "/c/2022/08/25/512243.shtml",
            "date": "2022-08-25(四)",
            "week": "四",
            "red": "02,03,04,06,21,33",
            "blue": "05",
            "blue2": "",
            "sales": "339839938",
            "poolmoney": "1853286941",
            "content": "河北1注,辽宁1注,黑龙江1注,江苏3注,浙江1注,山东3注,湖南1注,广东1注,云南1注,陕西1注,共14注。",
            "addmoney": "",
            "addmoney2": "",
            "msg": "",
            "z2add": "",
            "m2add": "",
            "prizegrades": [
                {
                    "type": 1,
                    "typenum": "14",
                    "typemoney": "6203690"
                },
                {
                    "type": 2,
                    "typenum": "34",
                    "typemoney": "619546"
                },
                {
                    "type": 3,
                    "typenum": "907",
                    "typemoney": "3000"
                },
                {
                    "type": 4,
                    "typenum": "52423",
                    "typemoney": "200"
                },
                {
                    "type": 5,
                    "typenum": "1030401",
                    "typemoney": "10"
                },
                {
                    "type": 6,
                    "typenum": "11750727",
                    "typemoney": "5"
                },
                {
                    "type": 7,
                    "typenum": "",
                    "typemoney": ""
                }
            ]
        },
        {
            "name": "双色球",
            "code": "2022097",
            "detailsLink": "/c/2022/08/23/512025.shtml",
            "videoLink": "/c/2022/08/23/512024.shtml",
            "date": "2022-08-23(二)",
            "week": "二",
            "red": "04,05,10,13,30,31",
            "blue": "14",
            "blue2": "",
            "sales": "339168020",
            "poolmoney": "1876944863",
            "content": "黑龙江1注,四川1注,陕西1注,共3注。",
            "addmoney": "",
            "addmoney2": "",
            "msg": "",
            "z2add": "",
            "m2add": "",
            "prizegrades": [
                {
                    "type": 1,
                    "typenum": "3",
                    "typemoney": "10000000"
                },
                {
                    "type": 2,
                    "typenum": "65",
                    "typemoney": "421826"
                },
                {
                    "type": 3,
                    "typenum": "917",
                    "typemoney": "3000"
                },
                {
                    "type": 4,
                    "typenum": "44797",
                    "typemoney": "200"
                },
                {
                    "type": 5,
                    "typenum": "963509",
                    "typemoney": "10"
                },
                {
                    "type": 6,
                    "typenum": "7034400",
                    "typemoney": "5"
                },
                {
                    "type": 7,
                    "typenum": "",
                    "typemoney": ""
                }
            ]
        },
        {
            "name": "双色球",
            "code": "2022096",
            "detailsLink": "/c/2022/08/21/511805.shtml",
            "videoLink": "/c/2022/08/21/511804.shtml",
            "date": "2022-08-21(日)",
            "week": "日",
            "red": "03,16,17,19,25,33",
            "blue": "07",
            "blue2": "",
            "sales": "374401638",
            "poolmoney": "1824688735",
            "content": "北京46注,浙江1注,山东1注,甘肃1注,深圳1注,共50注。",
            "addmoney": "",
            "addmoney2": "",
            "msg": "",
            "z2add": "",
            "m2add": "",
            "prizegrades": [
                {
                    "type": 1,
                    "typenum": "50",
                    "typemoney": "5337053"
                },
                {
                    "type": 2,
                    "typenum": "94",
                    "typemoney": "224104"
                },
                {
                    "type": 3,
                    "typenum": "1441",
                    "typemoney": "3000"
                },
                {
                    "type": 4,
                    "typenum": "80233",
                    "typemoney": "200"
                },
                {
                    "type": 5,
                    "typenum": "1530495",
                    "typemoney": "10"
                },
                {
                    "type": 6,
                    "typenum": "12703794",
                    "typemoney": "5"
                },
                {
                    "type": 7,
                    "typenum": "",
                    "typemoney": ""
                }
            ]
        },
        {
            "name": "双色球",
            "code": "2022095",
            "detailsLink": "/c/2022/08/18/511476.shtml",
            "videoLink": "/c/2022/08/18/511475.shtml",
            "date": "2022-08-18(四)",
            "week": "四",
            "red": "04,13,14,18,20,28",
            "blue": "08",
            "blue2": "",
            "sales": "339954958",
            "poolmoney": "2028343930",
            "content": "辽宁1注,黑龙江1注,上海2注,浙江1注,广东1注,云南1注,共7注。",
            "addmoney": "",
            "addmoney2": "",
            "msg": "",
            "z2add": "",
            "m2add": "",
            "prizegrades": [
                {
                    "type": 1,
                    "typenum": "7",
                    "typemoney": "7040114"
                },
                {
                    "type": 2,
                    "typenum": "71",
                    "typemoney": "251422"
                },
                {
                    "type": 3,
                    "typenum": "1639",
                    "typemoney": "3000"
                },
                {
                    "type": 4,
                    "typenum": "80997",
                    "typemoney": "200"
                },
                {
                    "type": 5,
                    "typenum": "1334307",
                    "typemoney": "10"
                },
                {
                    "type": 6,
                    "typenum": "12142889",
                    "typemoney": "5"
                },
                {
                    "type": 7,
                    "typenum": "",
                    "typemoney": ""
                }
            ]
        },
        {
            "name": "双色球",
            "code": "2022094",
            "detailsLink": "/c/2022/08/16/511257.shtml",
            "videoLink": "/c/2022/08/16/511256.shtml",
            "date": "2022-08-16(二)",
            "week": "二",
            "red": "06,11,13,16,19,31",
            "blue": "02",
            "blue2": "",
            "sales": "333751422",
            "poolmoney": "2024071723",
            "content": "河北1注,广东1注,深圳1注,共3注。",
            "addmoney": "",
            "addmoney2": "",
            "msg": "",
            "z2add": "",
            "m2add": "",
            "prizegrades": [
                {
                    "type": 1,
                    "typenum": "3",
                    "typemoney": "10000000"
                },
                {
                    "type": 2,
                    "typenum": "186",
                    "typemoney": "111576"
                },
                {
                    "type": 3,
                    "typenum": "1819",
                    "typemoney": "3000"
                },
                {
                    "type": 4,
                    "typenum": "84113",
                    "typemoney": "200"
                },
                {
                    "type": 5,
                    "typenum": "1473833",
                    "typemoney": "10"
                },
                {
                    "type": 6,
                    "typenum": "8701425",
                    "typemoney": "5"
                },
                {
                    "type": 7,
                    "typenum": "",
                    "typemoney": ""
                }
            ]
        },
        {
            "name": "双色球",
            "code": "2022093",
            "detailsLink": "/c/2022/08/14/510937.shtml",
            "videoLink": "/c/2022/08/14/510936.shtml",
            "date": "2022-08-14(日)",
            "week": "日",
            "red": "21,22,24,28,29,32",
            "blue": "14",
            "blue2": "",
            "sales": "363673578",
            "poolmoney": "1991811868",
            "content": "山西1注,福建1注,共2注。",
            "addmoney": "",
            "addmoney2": "",
            "msg": "",
            "z2add": "",
            "m2add": "",
            "prizegrades": [
                {
                    "type": 1,
                    "typenum": "2",
                    "typemoney": "10000000"
                },
                {
                    "type": 2,
                    "typenum": "58",
                    "typemoney": "481689"
                },
                {
                    "type": 3,
                    "typenum": "758",
                    "typemoney": "3000"
                },
                {
                    "type": 4,
                    "typenum": "41819",
                    "typemoney": "200"
                },
                {
                    "type": 5,
                    "typenum": "899953",
                    "typemoney": "10"
                },
                {
                    "type": 6,
                    "typenum": "9362155",
                    "typemoney": "5"
                },
                {
                    "type": 7,
                    "typenum": "",
                    "typemoney": ""
                }
            ]
        },
        {
            "name": "双色球",
            "code": "2022092",
            "detailsLink": "/c/2022/08/11/510808.shtml",
            "videoLink": "/c/2022/08/11/510807.shtml",
            "date": "2022-08-11(四)",
            "week": "四",
            "red": "07,10,16,20,21,27",
            "blue": "11",
            "blue2": "",
            "sales": "337222664",
            "poolmoney": "1927997908",
            "content": "北京10注,江苏1注,福建1注,湖北5注,广东1注,四川2注,共20注。",
            "addmoney": "",
            "addmoney2": "",
            "msg": "",
            "z2add": "",
            "m2add": "",
            "prizegrades": [
                {
                    "type": 1,
                    "typenum": "20",
                    "typemoney": "5805294"
                },
                {
                    "type": 2,
                    "typenum": "245",
                    "typemoney": "82172"
                },
                {
                    "type": 3,
                    "typenum": "2129",
                    "typemoney": "3000"
                },
                {
                    "type": 4,
                    "typenum": "83814",
                    "typemoney": "200"
                },
                {
                    "type": 5,
                    "typenum": "1454503",
                    "typemoney": "10"
                },
                {
                    "type": 6,
                    "typenum": "9402958",
                    "typemoney": "5"
                },
                {
                    "type": 7,
                    "typenum": "",
                    "typemoney": ""
                }
            ]
        },
        {
            "name": "双色球",
            "code": "2022091",
            "detailsLink": "/c/2022/08/09/510489.shtml",
            "videoLink": "/c/2022/08/09/510488.shtml",
            "date": "2022-08-09(二)",
            "week": "二",
            "red": "08,18,20,22,24,28",
            "blue": "10",
            "blue2": "",
            "sales": "335981918",
            "poolmoney": "1983706692",
            "content": "北京2注,辽宁1注,江苏1注,江西1注,湖北1注,广东1注,四川1注,共8注。",
            "addmoney": "",
            "addmoney2": "",
            "msg": "",
            "z2add": "",
            "m2add": "",
            "prizegrades": [
                {
                    "type": 1,
                    "typenum": "8",
                    "typemoney": "6721485"
                },
                {
                    "type": 2,
                    "typenum": "244",
                    "typemoney": "70552"
                },
                {
                    "type": 3,
                    "typenum": "2249",
                    "typemoney": "3000"
                },
                {
                    "type": 4,
                    "typenum": "85307",
                    "typemoney": "200"
                },
                {
                    "type": 5,
                    "typenum": "1436874",
                    "typemoney": "10"
                },
                {
                    "type": 6,
                    "typenum": "11518915",
                    "typemoney": "5"
                },
                {
                    "type": 7,
                    "typenum": "",
                    "typemoney": ""
                }
            ]
        },
        {
            "name": "双色球",
            "code": "2022090",
            "detailsLink": "/c/2022/08/07/510069.shtml",
            "videoLink": "/c/2022/08/07/510068.shtml",
            "date": "2022-08-07(日)",
            "week": "日",
            "red": "01,04,25,27,29,30",
            "blue": "07",
            "blue2": "",
            "sales": "365943774",
            "poolmoney": "1985834009",
            "content": "浙江1注,山东2注,广东1注,海南1注,甘肃1注,深圳1注,共7注。",
            "addmoney": "",
            "addmoney2": "",
            "msg": "",
            "z2add": "",
            "m2add": "",
            "prizegrades": [
                {
                    "type": 1,
                    "typenum": "7",
                    "typemoney": "5764881"
                },
                {
                    "type": 2,
                    "typenum": "98",
                    "typemoney": "68292"
                },
                {
                    "type": 3,
                    "typenum": "2272",
                    "typemoney": "3000"
                },
                {
                    "type": 4,
                    "typenum": "115279",
                    "typemoney": "200"
                },
                {
                    "type": 5,
                    "typenum": "1925031",
                    "typemoney": "10"
                },
                {
                    "type": 6,
                    "typenum": "20683900",
                    "typemoney": "5"
                },
                {
                    "type": 7,
                    "typenum": "",
                    "typemoney": ""
                }
            ]
        },
        {
            "name": "双色球",
            "code": "2022089",
            "detailsLink": "/c/2022/08/04/509941.shtml",
            "videoLink": "/c/2022/08/04/509940.shtml",
            "date": "2022-08-04(四)",
            "week": "四",
            "red": "02,07,15,29,31,33",
            "blue": "15",
            "blue2": "",
            "sales": "342434670",
            "poolmoney": "2006110048",
            "content": "山东1注,广西1注,云南1注,共3注。",
            "addmoney": "",
            "addmoney2": "",
            "msg": "",
            "z2add": "",
            "m2add": "",
            "prizegrades": [
                {
                    "type": 1,
                    "typenum": "3",
                    "typemoney": "10000000"
                },
                {
                    "type": 2,
                    "typenum": "90",
                    "typemoney": "244825"
                },
                {
                    "type": 3,
                    "typenum": "1383",
                    "typemoney": "3000"
                },
                {
                    "type": 4,
                    "typenum": "72813",
                    "typemoney": "200"
                },
                {
                    "type": 5,
                    "typenum": "1268826",
                    "typemoney": "10"
                },
                {
                    "type": 6,
                    "typenum": "9651202",
                    "typemoney": "5"
                },
                {
                    "type": 7,
                    "typenum": "",
                    "typemoney": ""
                }
            ]
        },
        {
            "name": "双色球",
            "code": "2022088",
            "detailsLink": "/c/2022/08/02/509720.shtml",
            "videoLink": "/c/2022/08/02/509719.shtml",
            "date": "2022-08-02(二)",
            "week": "二",
            "red": "03,09,15,17,20,22",
            "blue": "06",
            "blue2": "",
            "sales": "340253450",
            "poolmoney": "1970007210",
            "content": "辽宁1注,江苏3注,浙江2注,安徽2注,山东1注,河南3注,广东6注,四川1注,云南1注,共20注。",
            "addmoney": "",
            "addmoney2": "",
            "msg": "",
            "z2add": "",
            "m2add": "",
            "prizegrades": [
                {
                    "type": 1,
                    "typenum": "20",
                    "typemoney": "5577161"
                },
                {
                    "type": 2,
                    "typenum": "168",
                    "typemoney": "85887"
                },
                {
                    "type": 3,
                    "typenum": "1824",
                    "typemoney": "3000"
                },
                {
                    "type": 4,
                    "typenum": "87659",
                    "typemoney": "200"
                },
                {
                    "type": 5,
                    "typenum": "1489767",
                    "typemoney": "10"
                },
                {
                    "type": 6,
                    "typenum": "14221307",
                    "typemoney": "5"
                },
                {
                    "type": 7,
                    "typenum": "",
                    "typemoney": ""
                }
            ]
        },
        {
            "name": "双色球",
            "code": "2022087",
            "detailsLink": "/c/2022/07/31/509501.shtml",
            "videoLink": "/c/2022/07/31/509500.shtml",
            "date": "2022-07-31(日)",
            "week": "日",
            "red": "05,06,09,13,23,25",
            "blue": "08",
            "blue2": "",
            "sales": "370042706",
            "poolmoney": "2038263308",
            "content": "河北1注,辽宁2注,上海1注,江苏1注,广东1注,共6注。",
            "addmoney": "",
            "addmoney2": "",
            "msg": "",
            "z2add": "",
            "m2add": "",
            "prizegrades": [
                {
                    "type": 1,
                    "typenum": "6",
                    "typemoney": "6065849"
                },
                {
                    "type": 2,
                    "typenum": "129",
                    "typemoney": "61967"
                },
                {
                    "type": 3,
                    "typenum": "2993",
                    "typemoney": "3000"
                },
                {
                    "type": 4,
                    "typenum": "192527",
                    "typemoney": "200"
                },
                {
                    "type": 5,
                    "typenum": "1940210",
                    "typemoney": "10"
                },
                {
                    "type": 6,
                    "typenum": "16491790",
                    "typemoney": "5"
                },
                {
                    "type": 7,
                    "typenum": "",
                    "typemoney": ""
                }
            ]
        },
        {
            "name": "双色球",
            "code": "2022086",
            "detailsLink": "/c/2022/07/28/509373.shtml",
            "videoLink": "/c/2022/07/28/509372.shtml",
            "date": "2022-07-28(四)",
            "week": "四",
            "red": "01,04,08,21,23,24",
            "blue": "11",
            "blue2": "",
            "sales": "345421240",
            "poolmoney": "2050676797",
            "content": "辽宁1注,江苏1注,浙江2注,山东1注,湖南1注,广东1注,云南1注,共8注。",
            "addmoney": "",
            "addmoney2": "",
            "msg": "",
            "z2add": "",
            "m2add": "",
            "prizegrades": [
                {
                    "type": 1,
                    "typenum": "8",
                    "typemoney": "7234563"
                },
                {
                    "type": 2,
                    "typenum": "61",
                    "typemoney": "366321"
                },
                {
                    "type": 3,
                    "typenum": "1060",
                    "typemoney": "3000"
                },
                {
                    "type": 4,
                    "typenum": "55817",
                    "typemoney": "200"
                },
                {
                    "type": 5,
                    "typenum": "1082185",
                    "typemoney": "10"
                },
                {
                    "type": 6,
                    "typenum": "10941722",
                    "typemoney": "5"
                },
                {
                    "type": 7,
                    "typenum": "",
                    "typemoney": ""
                }
            ]
        },
        {
            "name": "双色球",
            "code": "2022085",
            "detailsLink": "/c/2022/07/26/509053.shtml",
            "videoLink": "/c/2022/07/26/509052.shtml",
            "date": "2022-07-26(二)",
            "week": "二",
            "red": "07,09,14,31,32,33",
            "blue": "13",
            "blue2": "",
            "sales": "341538762",
            "poolmoney": "2041516396",
            "content": "北京1注,吉林1注,江苏2注,山东1注,河南2注,广东1注,西藏1注,甘肃1注,宁夏1注,深圳1注,共12注。",
            "addmoney": "",
            "addmoney2": "",
            "msg": "",
            "z2add": "",
            "m2add": "",
            "prizegrades": [
                {
                    "type": 1,
                    "typenum": "12",
                    "typemoney": "6387330"
                },
                {
                    "type": 2,
                    "typenum": "112",
                    "typemoney": "185803"
                },
                {
                    "type": 3,
                    "typenum": "1617",
                    "typemoney": "3000"
                },
                {
                    "type": 4,
                    "typenum": "72260",
                    "typemoney": "200"
                },
                {
                    "type": 5,
                    "typenum": "1308210",
                    "typemoney": "10"
                },
                {
                    "type": 6,
                    "typenum": "10345809",
                    "typemoney": "5"
                },
                {
                    "type": 7,
                    "typenum": "",
                    "typemoney": ""
                }
            ]
        },
        {
            "name": "双色球",
            "code": "2022084",
            "detailsLink": "/c/2022/07/24/508833.shtml",
            "videoLink": "/c/2022/07/24/508832.shtml",
            "date": "2022-07-24(日)",
            "week": "日",
            "red": "03,18,23,24,25,32",
            "blue": "09",
            "blue2": "",
            "sales": "368808592",
            "poolmoney": "2055734480",
            "content": "内蒙古1注,山东1注,广东1注,四川2注,共5注。",
            "addmoney": "",
            "addmoney2": "",
            "msg": "",
            "z2add": "",
            "m2add": "",
            "prizegrades": [
                {
                    "type": 1,
                    "typenum": "5",
                    "typemoney": "7928087"
                },
                {
                    "type": 2,
                    "typenum": "97",
                    "typemoney": "188665"
                },
                {
                    "type": 3,
                    "typenum": "1714",
                    "typemoney": "3000"
                },
                {
                    "type": 4,
                    "typenum": "83687",
                    "typemoney": "200"
                },
                {
                    "type": 5,
                    "typenum": "1487680",
                    "typemoney": "10"
                },
                {
                    "type": 6,
                    "typenum": "14151567",
                    "typemoney": "5"
                },
                {
                    "type": 7,
                    "typenum": "",
                    "typemoney": ""
                }
            ]
        },
        {
            "name": "双色球",
            "code": "2022083",
            "detailsLink": "/c/2022/07/21/508703.shtml",
            "videoLink": "/c/2022/07/21/508702.shtml",
            "date": "2022-07-21(四)",
            "week": "四",
            "red": "08,12,13,14,19,20",
            "blue": "05",
            "blue2": "",
            "sales": "347550570",
            "poolmoney": "2040473284",
            "content": "河北1注,浙江3注,安徽1注,江西1注,山东1注,河南2注,广西1注,贵州1注,云南1注,新疆1注,共13注。",
            "addmoney": "",
            "addmoney2": "",
            "msg": "",
            "z2add": "",
            "m2add": "",
            "prizegrades": [
                {
                    "type": 1,
                    "typenum": "13",
                    "typemoney": "6173323"
                },
                {
                    "type": 2,
                    "typenum": "258",
                    "typemoney": "73901"
                },
                {
                    "type": 3,
                    "typenum": "2307",
                    "typemoney": "3000"
                },
                {
                    "type": 4,
                    "typenum": "95612",
                    "typemoney": "200"
                },
                {
                    "type": 5,
                    "typenum": "1596261",
                    "typemoney": "10"
                },
                {
                    "type": 6,
                    "typenum": "10405546",
                    "typemoney": "5"
                },
                {
                    "type": 7,
                    "typenum": "",
                    "typemoney": ""
                }
            ]
        },
        {
            "name": "双色球",
            "code": "2022082",
            "detailsLink": "/c/2022/07/19/508383.shtml",
            "videoLink": "/c/2022/07/19/508382.shtml",
            "date": "2022-07-19(二)",
            "week": "二",
            "red": "04,10,11,23,30,32",
            "blue": "14",
            "blue2": "",
            "sales": "347371994",
            "poolmoney": "2063526963",
            "content": "上海2注,福建1注,共3注。",
            "addmoney": "",
            "addmoney2": "",
            "msg": "",
            "z2add": "",
            "m2add": "",
            "prizegrades": [
                {
                    "type": 1,
                    "typenum": "3",
                    "typemoney": "10000000"
                },
                {
                    "type": 2,
                    "typenum": "79",
                    "typemoney": "316091"
                },
                {
                    "type": 3,
                    "typenum": "1036",
                    "typemoney": "3000"
                },
                {
                    "type": 4,
                    "typenum": "58000",
                    "typemoney": "200"
                },
                {
                    "type": 5,
                    "typenum": "1101679",
                    "typemoney": "10"
                },
                {
                    "type": 6,
                    "typenum": "8920542",
                    "typemoney": "5"
                },
                {
                    "type": 7,
                    "typenum": "",
                    "typemoney": ""
                }
            ]
        },
        {
            "name": "双色球",
            "code": "2022081",
            "detailsLink": "/c/2022/07/17/508163.shtml",
            "videoLink": "/c/2022/07/17/508162.shtml",
            "date": "2022-07-17(日)",
            "week": "日",
            "red": "04,08,11,21,27,30",
            "blue": "01",
            "blue2": "",
            "sales": "373064250",
            "poolmoney": "2018613381",
            "content": "安徽2注,河南1注,广东1注,陕西1注,共5注。",
            "addmoney": "",
            "addmoney2": "",
            "msg": "",
            "z2add": "",
            "m2add": "",
            "prizegrades": [
                {
                    "type": 1,
                    "typenum": "5",
                    "typemoney": "9188488"
                },
                {
                    "type": 2,
                    "typenum": "186",
                    "typemoney": "140742"
                },
                {
                    "type": 3,
                    "typenum": "1212",
                    "typemoney": "3000"
                },
                {
                    "type": 4,
                    "typenum": "73822",
                    "typemoney": "200"
                },
                {
                    "type": 5,
                    "typenum": "1423594",
                    "typemoney": "10"
                },
                {
                    "type": 6,
                    "typenum": "9090587",
                    "typemoney": "5"
                },
                {
                    "type": 7,
                    "typenum": "",
                    "typemoney": ""
                }
            ]
        },
        {
            "name": "双色球",
            "code": "2022080",
            "detailsLink": "/c/2022/07/14/507835.shtml",
            "videoLink": "/c/2022/07/14/507834.shtml",
            "date": "2022-07-14(四)",
            "week": "四",
            "red": "05,12,15,17,18,27",
            "blue": "04",
            "blue2": "",
            "sales": "342797508",
            "poolmoney": "1986021667",
            "content": "北京1注,黑龙江1注,江苏1注,浙江1注,江西1注,湖北1注,广东2注,新疆1注,共9注。",
            "addmoney": "",
            "addmoney2": "",
            "msg": "",
            "z2add": "",
            "m2add": "",
            "prizegrades": [
                {
                    "type": 1,
                    "typenum": "9",
                    "typemoney": "6967330"
                },
                {
                    "type": 2,
                    "typenum": "129",
                    "typemoney": "171569"
                },
                {
                    "type": 3,
                    "typenum": "1380",
                    "typemoney": "3000"
                },
                {
                    "type": 4,
                    "typenum": "70955",
                    "typemoney": "200"
                },
                {
                    "type": 5,
                    "typenum": "1389619",
                    "typemoney": "10"
                },
                {
                    "type": 6,
                    "typenum": "9442743",
                    "typemoney": "5"
                },
                {
                    "type": 7,
                    "typenum": "",
                    "typemoney": ""
                }
            ]
        },
        {
            "name": "双色球",
            "code": "2022079",
            "detailsLink": "/c/2022/07/12/507515.shtml",
            "videoLink": "/c/2022/07/12/507514.shtml",
            "date": "2022-07-12(二)",
            "week": "二",
            "red": "01,09,15,17,22,23",
            "blue": "16",
            "blue2": "",
            "sales": "341273762",
            "poolmoney": "1982330237",
            "content": "黑龙江1注,江苏1注,共2注。",
            "addmoney": "",
            "addmoney2": "",
            "msg": "",
            "z2add": "",
            "m2add": "",
            "prizegrades": [
                {
                    "type": 1,
                    "typenum": "2",
                    "typemoney": "10000000"
                },
                {
                    "type": 2,
                    "typenum": "68",
                    "typemoney": "408297"
                },
                {
                    "type": 3,
                    "typenum": "867",
                    "typemoney": "3000"
                },
                {
                    "type": 4,
                    "typenum": "44720",
                    "typemoney": "200"
                },
                {
                    "type": 5,
                    "typenum": "941854",
                    "typemoney": "10"
                },
                {
                    "type": 6,
                    "typenum": "7040740",
                    "typemoney": "5"
                },
                {
                    "type": 7,
                    "typenum": "",
                    "typemoney": ""
                }
            ]
        },
        {
            "name": "双色球",
            "code": "2022078",
            "detailsLink": "/c/2022/07/10/507295.shtml",
            "videoLink": "/c/2022/07/10/507294.shtml",
            "date": "2022-07-10(日)",
            "week": "日",
            "red": "01,04,05,15,17,31",
            "blue": "09",
            "blue2": "",
            "sales": "366650644",
            "poolmoney": "1919037561",
            "content": "山西1注,辽宁1注,安徽1注,云南3注,共6注。",
            "addmoney": "",
            "addmoney2": "",
            "msg": "",
            "z2add": "",
            "m2add": "",
            "prizegrades": [
                {
                    "type": 1,
                    "typenum": "6",
                    "typemoney": "7387658"
                },
                {
                    "type": 2,
                    "typenum": "69",
                    "typemoney": "259528"
                },
                {
                    "type": 3,
                    "typenum": "1273",
                    "typemoney": "3000"
                },
                {
                    "type": 4,
                    "typenum": "71165",
                    "typemoney": "200"
                },
                {
                    "type": 5,
                    "typenum": "1337065",
                    "typemoney": "10"
                },
                {
                    "type": 6,
                    "typenum": "15321283",
                    "typemoney": "5"
                },
                {
                    "type": 7,
                    "typenum": "",
                    "typemoney": ""
                }
            ]
        },
        {
            "name": "双色球",
            "code": "2022077",
            "detailsLink": "/c/2022/07/07/507067.shtml",
            "videoLink": "/c/2022/07/07/507069.shtml",
            "date": "2022-07-07(四)",
            "week": "四",
            "red": "03,17,18,19,20,27",
            "blue": "16",
            "blue2": "",
            "sales": "345118818",
            "poolmoney": "1909641199",
            "content": "北京1注,山西1注,浙江5注,广东3注,广西1注,贵州1注,甘肃1注,深圳1注,共14注。",
            "addmoney": "",
            "addmoney2": "",
            "msg": "",
            "z2add": "",
            "m2add": "",
            "prizegrades": [
                {
                    "type": 1,
                    "typenum": "14",
                    "typemoney": "6273517"
                },
                {
                    "type": 2,
                    "typenum": "186",
                    "typemoney": "119820"
                },
                {
                    "type": 3,
                    "typenum": "1697",
                    "typemoney": "3000"
                },
                {
                    "type": 4,
                    "typenum": "87777",
                    "typemoney": "200"
                },
                {
                    "type": 5,
                    "typenum": "1502359",
                    "typemoney": "10"
                },
                {
                    "type": 6,
                    "typenum": "8458404",
                    "typemoney": "5"
                },
                {
                    "type": 7,
                    "typenum": "",
                    "typemoney": ""
                }
            ]
        },
        {
            "name": "双色球",
            "code": "2022076",
            "detailsLink": "/c/2022/07/05/506848.shtml",
            "videoLink": "/c/2022/07/05/506847.shtml",
            "date": "2022-07-05(二)",
            "week": "二",
            "red": "08,09,10,13,24,29",
            "blue": "02",
            "blue2": "",
            "sales": "342718328",
            "poolmoney": "1930610784",
            "content": "河北1注,江苏11注,广东1注,深圳1注,共14注。",
            "addmoney": "",
            "addmoney2": "",
            "msg": "",
            "z2add": "",
            "m2add": "",
            "prizegrades": [
                {
                    "type": 1,
                    "typenum": "14",
                    "typemoney": "6399054"
                },
                {
                    "type": 2,
                    "typenum": "142",
                    "typemoney": "172418"
                },
                {
                    "type": 3,
                    "typenum": "1269",
                    "typemoney": "3000"
                },
                {
                    "type": 4,
                    "typenum": "63403",
                    "typemoney": "200"
                },
                {
                    "type": 5,
                    "typenum": "1300605",
                    "typemoney": "10"
                },
                {
                    "type": 6,
                    "typenum": "8100898",
                    "typemoney": "5"
                },
                {
                    "type": 7,
                    "typenum": "",
                    "typemoney": ""
                }
            ]
        },
        {
            "name": "双色球",
            "code": "2022075",
            "detailsLink": "/c/2022/07/03/506628.shtml",
            "videoLink": "/c/2022/07/03/506627.shtml",
            "date": "2022-07-03(日)",
            "week": "日",
            "red": "01,02,04,25,26,30",
            "blue": "10",
            "blue2": "",
            "sales": "379959636",
            "poolmoney": "1946747172",
            "content": "上海1注,山东2注,河南1注,广东1注,广西1注,共6注。",
            "addmoney": "",
            "addmoney2": "",
            "msg": "",
            "z2add": "",
            "m2add": "",
            "prizegrades": [
                {
                    "type": 1,
                    "typenum": "6",
                    "typemoney": "7912531"
                },
                {
                    "type": 2,
                    "typenum": "78",
                    "typemoney": "280051"
                },
                {
                    "type": 3,
                    "typenum": "1953",
                    "typemoney": "3000"
                },
                {
                    "type": 4,
                    "typenum": "84808",
                    "typemoney": "200"
                },
                {
                    "type": 5,
                    "typenum": "1487065",
                    "typemoney": "10"
                },
                {
                    "type": 6,
                    "typenum": "12222607",
                    "typemoney": "5"
                },
                {
                    "type": 7,
                    "typenum": "",
                    "typemoney": ""
                }
            ]
        },
        {
            "name": "双色球",
            "code": "2022074",
            "detailsLink": "/c/2022/06/30/506100.shtml",
            "videoLink": "/c/2022/06/30/506099.shtml",
            "date": "2022-06-30(四)",
            "week": "四",
            "red": "05,07,15,19,29,33",
            "blue": "15",
            "blue2": "",
            "sales": "354915638",
            "poolmoney": "1928690407",
            "content": "上海1注,江苏1注,安徽1注,山东2注,广东1注,共6注。",
            "addmoney": "",
            "addmoney2": "",
            "msg": "",
            "z2add": "",
            "m2add": "",
            "prizegrades": [
                {
                    "type": 1,
                    "typenum": "6",
                    "typemoney": "8413181"
                },
                {
                    "type": 2,
                    "typenum": "131",
                    "typemoney": "195411"
                },
                {
                    "type": 3,
                    "typenum": "1494",
                    "typemoney": "3000"
                },
                {
                    "type": 4,
                    "typenum": "72058",
                    "typemoney": "200"
                },
                {
                    "type": 5,
                    "typenum": "1290175",
                    "typemoney": "10"
                },
                {
                    "type": 6,
                    "typenum": "7943571",
                    "typemoney": "5"
                },
                {
                    "type": 7,
                    "typenum": "",
                    "typemoney": ""
                }
            ]
        },
        {
            "name": "双色球",
            "code": "2022073",
            "detailsLink": "/c/2022/06/28/505780.shtml",
            "videoLink": "/c/2022/06/28/505779.shtml",
            "date": "2022-06-28(二)",
            "week": "二",
            "red": "06,10,14,15,26,29",
            "blue": "12",
            "blue2": "",
            "sales": "352213628",
            "poolmoney": "1902372906",
            "content": "河北1注,辽宁1注,河南1注,广西1注,陕西2注,共6注。",
            "addmoney": "",
            "addmoney2": "",
            "msg": "",
            "z2add": "",
            "m2add": "",
            "prizegrades": [
                {
                    "type": 1,
                    "typenum": "6",
                    "typemoney": "8211585"
                },
                {
                    "type": 2,
                    "typenum": "141",
                    "typemoney": "170828"
                },
                {
                    "type": 3,
                    "typenum": "1339",
                    "typemoney": "3000"
                },
                {
                    "type": 4,
                    "typenum": "63827",
                    "typemoney": "200"
                },
                {
                    "type": 5,
                    "typenum": "1272264",
                    "typemoney": "10"
                },
                {
                    "type": 6,
                    "typenum": "9346417",
                    "typemoney": "5"
                },
                {
                    "type": 7,
                    "typenum": "",
                    "typemoney": ""
                }
            ]
        },
        {
            "name": "双色球",
            "code": "2022072",
            "detailsLink": "/c/2022/06/26/505460.shtml",
            "videoLink": "/c/2022/06/26/505459.shtml",
            "date": "2022-06-26(日)",
            "week": "日",
            "red": "05,14,15,16,18,32",
            "blue": "12",
            "blue2": "",
            "sales": "385506202",
            "poolmoney": "1879381753",
            "content": "北京1注,山西1注,上海1注,山东1注,重庆1注,广东1注,贵州1注,共7注。",
            "addmoney": "",
            "addmoney2": "",
            "msg": "",
            "z2add": "",
            "m2add": "",
            "prizegrades": [
                {
                    "type": 1,
                    "typenum": "7",
                    "typemoney": "7505272"
                },
                {
                    "type": 2,
                    "typenum": "95",
                    "typemoney": "230748"
                },
                {
                    "type": 3,
                    "typenum": "1794",
                    "typemoney": "3000"
                },
                {
                    "type": 4,
                    "typenum": "91196",
                    "typemoney": "200"
                },
                {
                    "type": 5,
                    "typenum": "1612709",
                    "typemoney": "10"
                },
                {
                    "type": 6,
                    "typenum": "12293044",
                    "typemoney": "5"
                },
                {
                    "type": 7,
                    "typenum": "",
                    "typemoney": ""
                }
            ]
        },
        {
            "name": "双色球",
            "code": "2022071",
            "detailsLink": "/c/2022/06/23/505232.shtml",
            "videoLink": "/c/2022/06/23/505231.shtml",
            "date": "2022-06-23(四)",
            "week": "四",
            "red": "04,07,15,18,29,33",
            "blue": "01",
            "blue2": "",
            "sales": "354289328",
            "poolmoney": "1866155263",
            "content": "北京2注,辽宁1注,上海1注,福建1注,江西1注,广东1注,甘肃1注,共8注。",
            "addmoney": "",
            "addmoney2": "",
            "msg": "",
            "z2add": "",
            "m2add": "",
            "prizegrades": [
                {
                    "type": 1,
                    "typenum": "8",
                    "typemoney": "7659663"
                },
                {
                    "type": 2,
                    "typenum": "141",
                    "typemoney": "188628"
                },
                {
                    "type": 3,
                    "typenum": "1086",
                    "typemoney": "3000"
                },
                {
                    "type": 4,
                    "typenum": "56078",
                    "typemoney": "200"
                },
                {
                    "type": 5,
                    "typenum": "1104773",
                    "typemoney": "10"
                },
                {
                    "type": 6,
                    "typenum": "8338782",
                    "typemoney": "5"
                },
                {
                    "type": 7,
                    "typenum": "",
                    "typemoney": ""
                }
            ]
        },
        {
            "name": "双色球",
            "code": "2022070",
            "detailsLink": "/c/2022/06/21/505012.shtml",
            "videoLink": "/c/2022/06/21/505011.shtml",
            "date": "2022-06-21(二)",
            "week": "二",
            "red": "04,06,09,27,28,33",
            "blue": "02",
            "blue2": "",
            "sales": "356598990",
            "poolmoney": "1847642672",
            "content": "上海1注,福建1注,河南3注,广东1注,广西1注,陕西1注,甘肃1注,共9注。",
            "addmoney": "",
            "addmoney2": "",
            "msg": "",
            "z2add": "",
            "m2add": "",
            "prizegrades": [
                {
                    "type": 1,
                    "typenum": "9",
                    "typemoney": "7137010"
                },
                {
                    "type": 2,
                    "typenum": "226",
                    "typemoney": "106377"
                },
                {
                    "type": 3,
                    "typenum": "1543",
                    "typemoney": "3000"
                },
                {
                    "type": 4,
                    "typenum": "80277",
                    "typemoney": "200"
                },
                {
                    "type": 5,
                    "typenum": "1524288",
                    "typemoney": "10"
                },
                {
                    "type": 6,
                    "typenum": "8528154",
                    "typemoney": "5"
                },
                {
                    "type": 7,
                    "typenum": "",
                    "typemoney": ""
                }
            ]
        },
        {
            "name": "双色球",
            "code": "2022069",
            "detailsLink": "/c/2022/06/19/504792.shtml",
            "videoLink": "/c/2022/06/19/504791.shtml",
            "date": "2022-06-19(日)",
            "week": "日",
            "red": "06,07,13,19,26,29",
            "blue": "08",
            "blue2": "",
            "sales": "380359658",
            "poolmoney": "1839751672",
            "content": "浙江3注,福建1注,重庆1注,湖北2注,湖南3注,广东1注,广西4注,海南1注,四川1注,贵州1注,云南1注,陕西1注,共20注。",
            "addmoney": "",
            "addmoney2": "",
            "msg": "",
            "z2add": "",
            "m2add": "",
            "prizegrades": [
                {
                    "type": 1,
                    "typenum": "20",
                    "typemoney": "5516327"
                },
                {
                    "type": 2,
                    "typenum": "216",
                    "typemoney": "59760"
                },
                {
                    "type": 3,
                    "typenum": "3618",
                    "typemoney": "3000"
                },
                {
                    "type": 4,
                    "typenum": "131307",
                    "typemoney": "200"
                },
                {
                    "type": 5,
                    "typenum": "2035141",
                    "typemoney": "10"
                },
                {
                    "type": 6,
                    "typenum": "15455331",
                    "typemoney": "5"
                },
                {
                    "type": 7,
                    "typenum": "",
                    "typemoney": ""
                }
            ]
        },
        {
            "name": "双色球",
            "code": "2022068",
            "detailsLink": "/c/2022/06/16/504564.shtml",
            "videoLink": "/c/2022/06/16/504563.shtml",
            "date": "2022-06-16(四)",
            "week": "四",
            "red": "07,12,15,24,26,29",
            "blue": "06",
            "blue2": "",
            "sales": "354071622",
            "poolmoney": "1911353650",
            "content": "江苏1注,浙江1注,福建1注,四川1注,贵州1注,云南2注,共7注。",
            "addmoney": "",
            "addmoney2": "",
            "msg": "",
            "z2add": "",
            "m2add": "",
            "prizegrades": [
                {
                    "type": 1,
                    "typenum": "7",
                    "typemoney": "7414434"
                },
                {
                    "type": 2,
                    "typenum": "170",
                    "typemoney": "124272"
                },
                {
                    "type": 3,
                    "typenum": "1642",
                    "typemoney": "3000"
                },
                {
                    "type": 4,
                    "typenum": "84964",
                    "typemoney": "200"
                },
                {
                    "type": 5,
                    "typenum": "1545170",
                    "typemoney": "10"
                },
                {
                    "type": 6,
                    "typenum": "10323876",
                    "typemoney": "5"
                },
                {
                    "type": 7,
                    "typenum": "",
                    "typemoney": ""
                }
            ]
        },
        {
            "name": "双色球",
            "code": "2022067",
            "detailsLink": "/c/2022/06/14/504444.shtml",
            "videoLink": "/c/2022/06/14/504443.shtml",
            "date": "2022-06-14(二)",
            "week": "二",
            "red": "01,05,13,21,26,29",
            "blue": "15",
            "blue2": "",
            "sales": "347891686",
            "poolmoney": "1899875782",
            "content": "辽宁1注,浙江3注,山东1注,重庆1注,湖北1注,广东1注,贵州1注,云南1注,共10注。",
            "addmoney": "",
            "addmoney2": "",
            "msg": "",
            "z2add": "",
            "m2add": "",
            "prizegrades": [
                {
                    "type": 1,
                    "typenum": "10",
                    "typemoney": "6787147"
                },
                {
                    "type": 2,
                    "typenum": "147",
                    "typemoney": "151968"
                },
                {
                    "type": 3,
                    "typenum": "1793",
                    "typemoney": "3000"
                },
                {
                    "type": 4,
                    "typenum": "77179",
                    "typemoney": "200"
                },
                {
                    "type": 5,
                    "typenum": "1382962",
                    "typemoney": "10"
                },
                {
                    "type": 6,
                    "typenum": "9293026",
                    "typemoney": "5"
                },
                {
                    "type": 7,
                    "typenum": "",
                    "typemoney": ""
                }
            ]
        },
        {
            "name": "双色球",
            "code": "2022066",
            "detailsLink": "/c/2022/06/12/504224.shtml",
            "videoLink": "/c/2022/06/12/504223.shtml",
            "date": "2022-06-12(日)",
            "week": "日",
            "red": "06,11,14,20,27,30",
            "blue": "09",
            "blue2": "",
            "sales": "370987262",
            "poolmoney": "1900729226",
            "content": "北京1注,山西1注,内蒙古1注,辽宁3注,黑龙江1注,江苏3注,浙江4注,安徽1注,福建4注,山东3注,河南2注,湖北2注,广东4注,广西2注,云南1注,共33注。",
            "addmoney": "",
            "addmoney2": "",
            "msg": "",
            "z2add": "",
            "m2add": "",
            "prizegrades": [
                {
                    "type": 1,
                    "typenum": "33",
                    "typemoney": "5152928"
                },
                {
                    "type": 2,
                    "typenum": "281",
                    "typemoney": "22449"
                },
                {
                    "type": 3,
                    "typenum": "5252",
                    "typemoney": "3000"
                },
                {
                    "type": 4,
                    "typenum": "189472",
                    "typemoney": "200"
                },
                {
                    "type": 5,
                    "typenum": "1982256",
                    "typemoney": "10"
                },
                {
                    "type": 6,
                    "typenum": "16615513",
                    "typemoney": "5"
                },
                {
                    "type": 7,
                    "typenum": "",
                    "typemoney": ""
                }
            ]
        },
        {
            "name": "双色球",
            "code": "2022065",
            "detailsLink": "/c/2022/06/09/503896.shtml",
            "videoLink": "/c/2022/06/09/503895.shtml",
            "date": "2022-06-09(四)",
            "week": "四",
            "red": "09,14,18,23,28,31",
            "blue": "02",
            "blue2": "",
            "sales": "348395414",
            "poolmoney": "2051850948",
            "content": "天津1注,河北1注,安徽1注,山东1注,共4注。",
            "addmoney": "",
            "addmoney2": "",
            "msg": "",
            "z2add": "",
            "m2add": "",
            "prizegrades": [
                {
                    "type": 1,
                    "typenum": "4",
                    "typemoney": "9202821"
                },
                {
                    "type": 2,
                    "typenum": "143",
                    "typemoney": "146951"
                },
                {
                    "type": 3,
                    "typenum": "1647",
                    "typemoney": "3000"
                },
                {
                    "type": 4,
                    "typenum": "72446",
                    "typemoney": "200"
                },
                {
                    "type": 5,
                    "typenum": "1290179",
                    "typemoney": "10"
                },
                {
                    "type": 6,
                    "typenum": "10865065",
                    "typemoney": "5"
                },
                {
                    "type": 7,
                    "typenum": "",
                    "typemoney": ""
                }
            ]
        },
        {
            "name": "双色球",
            "code": "2022064",
            "detailsLink": "/c/2022/06/07/503676.shtml",
            "videoLink": "/c/2022/06/07/503675.shtml",
            "date": "2022-06-07(二)",
            "week": "二",
            "red": "04,06,12,13,17,31",
            "blue": "16",
            "blue2": "",
            "sales": "340689068",
            "poolmoney": "2025619908",
            "content": "福建1注,山东1注,重庆1注,河南1注,广东5注,广西1注,云南2注,共12注。",
            "addmoney": "",
            "addmoney2": "",
            "msg": "",
            "z2add": "",
            "m2add": "",
            "prizegrades": [
                {
                    "type": 1,
                    "typenum": "12",
                    "typemoney": "6498426"
                },
                {
                    "type": 2,
                    "typenum": "81",
                    "typemoney": "277486"
                },
                {
                    "type": 3,
                    "typenum": "1028",
                    "typemoney": "3000"
                },
                {
                    "type": 4,
                    "typenum": "53195",
                    "typemoney": "200"
                },
                {
                    "type": 5,
                    "typenum": "1088210",
                    "typemoney": "10"
                },
                {
                    "type": 6,
                    "typenum": "10485387",
                    "typemoney": "5"
                },
                {
                    "type": 7,
                    "typenum": "",
                    "typemoney": ""
                }
            ]
        },
        {
            "name": "双色球",
            "code": "2022063",
            "detailsLink": "/c/2022/06/05/503456.shtml",
            "videoLink": "/c/2022/06/05/503455.shtml",
            "date": "2022-06-05(日)",
            "week": "日",
            "red": "06,08,09,17,22,31",
            "blue": "11",
            "blue2": "",
            "sales": "360023818",
            "poolmoney": "2036171824",
            "content": "河北3注,山西1注,吉林1注,江苏2注,浙江1注,安徽3注,江西1注,山东1注,河南2注,四川2注,贵州1注,陕西2注,共20注。",
            "addmoney": "",
            "addmoney2": "",
            "msg": "",
            "z2add": "",
            "m2add": "",
            "prizegrades": [
                {
                    "type": 1,
                    "typenum": "20",
                    "typemoney": "5417818"
                },
                {
                    "type": 2,
                    "typenum": "181",
                    "typemoney": "57709"
                },
                {
                    "type": 3,
                    "typenum": "3978",
                    "typemoney": "3000"
                },
                {
                    "type": 4,
                    "typenum": "150479",
                    "typemoney": "200"
                },
                {
                    "type": 5,
                    "typenum": "2169039",
                    "typemoney": "10"
                },
                {
                    "type": 6,
                    "typenum": "14181934",
                    "typemoney": "5"
                },
                {
                    "type": 7,
                    "typenum": "",
                    "typemoney": ""
                }
            ]
        },
        {
            "name": "双色球",
            "code": "2022062",
            "detailsLink": "/c/2022/06/02/503328.shtml",
            "videoLink": "/c/2022/06/02/503327.shtml",
            "date": "2022-06-02(四)",
            "week": "四",
            "red": "16,18,20,21,23,33",
            "blue": "05",
            "blue2": "",
            "sales": "329515310",
            "poolmoney": "2113191829",
            "content": "内蒙古1注,黑龙江1注,浙江1注,广西1注,深圳1注,共5注。",
            "addmoney": "",
            "addmoney2": "",
            "msg": "",
            "z2add": "",
            "m2add": "",
            "prizegrades": [
                {
                    "type": 1,
                    "typenum": "5",
                    "typemoney": "8563331"
                },
                {
                    "type": 2,
                    "typenum": "69",
                    "typemoney": "322765"
                },
                {
                    "type": 3,
                    "typenum": "800",
                    "typemoney": "3000"
                },
                {
                    "type": 4,
                    "typenum": "46396",
                    "typemoney": "200"
                },
                {
                    "type": 5,
                    "typenum": "937229",
                    "typemoney": "10"
                },
                {
                    "type": 6,
                    "typenum": "10265544",
                    "typemoney": "5"
                },
                {
                    "type": 7,
                    "typenum": "",
                    "typemoney": ""
                }
            ]
        },
        {
            "name": "双色球",
            "code": "2022061",
            "detailsLink": "/c/2022/05/31/503108.shtml",
            "videoLink": "/c/2022/05/31/503107.shtml",
            "date": "2022-05-31(二)",
            "week": "二",
            "red": "01,03,16,18,29,33",
            "blue": "06",
            "blue2": "",
            "sales": "331252342",
            "poolmoney": "2089196019",
            "content": "浙江1注,山东1注,陕西1注,共3注。",
            "addmoney": "",
            "addmoney2": "",
            "msg": "",
            "z2add": "",
            "m2add": "",
            "prizegrades": [
                {
                    "type": 1,
                    "typenum": "3",
                    "typemoney": "10000000"
                },
                {
                    "type": 2,
                    "typenum": "64",
                    "typemoney": "389348"
                },
                {
                    "type": 3,
                    "typenum": "846",
                    "typemoney": "3000"
                },
                {
                    "type": 4,
                    "typenum": "49647",
                    "typemoney": "200"
                },
                {
                    "type": 5,
                    "typenum": "959477",
                    "typemoney": "10"
                },
                {
                    "type": 6,
                    "typenum": "8115661",
                    "typemoney": "5"
                },
                {
                    "type": 7,
                    "typenum": "",
                    "typemoney": ""
                }
            ]
        },
        {
            "name": "双色球",
            "code": "2022060",
            "detailsLink": "/c/2022/05/29/502888.shtml",
            "videoLink": "/c/2022/05/29/502887.shtml",
            "date": "2022-05-29(日)",
            "week": "日",
            "red": "16,18,19,24,28,32",
            "blue": "01",
            "blue2": "",
            "sales": "361140396",
            "poolmoney": "2044441141",
            "content": "浙江1注,福建1注,广东1注,共3注。",
            "addmoney": "",
            "addmoney2": "",
            "msg": "",
            "z2add": "",
            "m2add": "",
            "prizegrades": [
                {
                    "type": 1,
                    "typenum": "3",
                    "typemoney": "10000000"
                },
                {
                    "type": 2,
                    "typenum": "80",
                    "typemoney": "370919"
                },
                {
                    "type": 3,
                    "typenum": "776",
                    "typemoney": "3000"
                },
                {
                    "type": 4,
                    "typenum": "49072",
                    "typemoney": "200"
                },
                {
                    "type": 5,
                    "typenum": "1084721",
                    "typemoney": "10"
                },
                {
                    "type": 6,
                    "typenum": "7054965",
                    "typemoney": "5"
                },
                {
                    "type": 7,
                    "typenum": "",
                    "typemoney": ""
                }
            ]
        },
        {
            "name": "双色球",
            "code": "2022059",
            "detailsLink": "/c/2022/05/26/502860.shtml",
            "videoLink": "/c/2022/05/26/502859.shtml",
            "date": "2022-05-26(四)",
            "week": "四",
            "red": "06,09,18,19,29,33",
            "blue": "06",
            "blue2": "",
            "sales": "340378840",
            "poolmoney": "1985420373",
            "content": "河北1注,内蒙古1注,黑龙江1注,湖北3注,湖南5注,广东1注,云南1注,宁夏5注,深圳2注,共20注。",
            "addmoney": "",
            "addmoney2": "",
            "msg": "",
            "z2add": "",
            "m2add": "",
            "prizegrades": [
                {
                    "type": 1,
                    "typenum": "20",
                    "typemoney": "5714126"
                },
                {
                    "type": 2,
                    "typenum": "216",
                    "typemoney": "82653"
                },
                {
                    "type": 3,
                    "typenum": "2668",
                    "typemoney": "3000"
                },
                {
                    "type": 4,
                    "typenum": "96621",
                    "typemoney": "200"
                },
                {
                    "type": 5,
                    "typenum": "1480459",
                    "typemoney": "10"
                },
                {
                    "type": 6,
                    "typenum": "10648044",
                    "typemoney": "5"
                },
                {
                    "type": 7,
                    "typenum": "",
                    "typemoney": ""
                }
            ]
        },
        {
            "name": "双色球",
            "code": "2022058",
            "detailsLink": "/c/2022/05/24/502640.shtml",
            "videoLink": "/c/2022/05/24/502639.shtml",
            "date": "2022-05-24(二)",
            "week": "二",
            "red": "06,13,14,23,31,33",
            "blue": "01",
            "blue2": "",
            "sales": "336926030",
            "poolmoney": "2046143432",
            "content": "北京1注,河北1注,内蒙古1注,江苏2注,浙江1注,福建1注,四川2注,陕西1注,共10注。",
            "addmoney": "",
            "addmoney2": "",
            "msg": "",
            "z2add": "",
            "m2add": "",
            "prizegrades": [
                {
                    "type": 1,
                    "typenum": "10",
                    "typemoney": "6841671"
                },
                {
                    "type": 2,
                    "typenum": "126",
                    "typemoney": "182705"
                },
                {
                    "type": 3,
                    "typenum": "999",
                    "typemoney": "3000"
                },
                {
                    "type": 4,
                    "typenum": "58846",
                    "typemoney": "200"
                },
                {
                    "type": 5,
                    "typenum": "1135454",
                    "typemoney": "10"
                },
                {
                    "type": 6,
                    "typenum": "9377883",
                    "typemoney": "5"
                },
                {
                    "type": 7,
                    "typenum": "",
                    "typemoney": ""
                }
            ]
        },
        {
            "name": "双色球",
            "code": "2022057",
            "detailsLink": "/c/2022/05/22/502420.shtml",
            "videoLink": "/c/2022/05/22/502419.shtml",
            "date": "2022-05-22(日)",
            "week": "日",
            "red": "12,15,20,26,30,33",
            "blue": "16",
            "blue2": "",
            "sales": "378857894",
            "poolmoney": "2045497453",
            "content": "上海1注,安徽1注,贵州1注,共3注。",
            "addmoney": "",
            "addmoney2": "",
            "msg": "",
            "z2add": "",
            "m2add": "",
            "prizegrades": [
                {
                    "type": 1,
                    "typenum": "3",
                    "typemoney": "10000000"
                },
                {
                    "type": 2,
                    "typenum": "78",
                    "typemoney": "304574"
                },
                {
                    "type": 3,
                    "typenum": "1169",
                    "typemoney": "3000"
                },
                {
                    "type": 4,
                    "typenum": "60895",
                    "typemoney": "200"
                },
                {
                    "type": 5,
                    "typenum": "1199929",
                    "typemoney": "10"
                },
                {
                    "type": 6,
                    "typenum": "12585559",
                    "typemoney": "5"
                },
                {
                    "type": 7,
                    "typenum": "",
                    "typemoney": ""
                }
            ]
        },
        {
            "name": "双色球",
            "code": "2022056",
            "detailsLink": "/c/2022/05/19/502391.shtml",
            "videoLink": "/c/2022/05/19/502390.shtml",
            "date": "2022-05-19(四)",
            "week": "四",
            "red": "01,06,11,14,17,26",
            "blue": "15",
            "blue2": "",
            "sales": "352329270",
            "poolmoney": "2004226992",
            "content": "浙江1注,安徽1注,福建1注,山东1注,贵州1注,云南1注,共6注。",
            "addmoney": "",
            "addmoney2": "",
            "msg": "",
            "z2add": "",
            "m2add": "",
            "prizegrades": [
                {
                    "type": 1,
                    "typenum": "6",
                    "typemoney": "8799261"
                },
                {
                    "type": 2,
                    "typenum": "162",
                    "typemoney": "175891"
                },
                {
                    "type": 3,
                    "typenum": "857",
                    "typemoney": "3000"
                },
                {
                    "type": 4,
                    "typenum": "62469",
                    "typemoney": "200"
                },
                {
                    "type": 5,
                    "typenum": "1394516",
                    "typemoney": "10"
                },
                {
                    "type": 6,
                    "typenum": "5930706",
                    "typemoney": "5"
                },
                {
                    "type": 7,
                    "typenum": "",
                    "typemoney": ""
                }
            ]
        },
        {
            "name": "双色球",
            "code": "2022055",
            "detailsLink": "/c/2022/05/17/502171.shtml",
            "videoLink": "/c/2022/05/17/502170.shtml",
            "date": "2022-05-17(二)",
            "week": "二",
            "red": "02,04,09,26,28,33",
            "blue": "03",
            "blue2": "",
            "sales": "350153658",
            "poolmoney": "1971539174",
            "content": "内蒙古1注,浙江2注,四川1注,共4注。",
            "addmoney": "",
            "addmoney2": "",
            "msg": "",
            "z2add": "",
            "m2add": "",
            "prizegrades": [
                {
                    "type": 1,
                    "typenum": "4",
                    "typemoney": "9562440"
                },
                {
                    "type": 2,
                    "typenum": "77",
                    "typemoney": "296262"
                },
                {
                    "type": 3,
                    "typenum": "953",
                    "typemoney": "3000"
                },
                {
                    "type": 4,
                    "typenum": "57092",
                    "typemoney": "200"
                },
                {
                    "type": 5,
                    "typenum": "1117611",
                    "typemoney": "10"
                },
                {
                    "type": 6,
                    "typenum": "10974593",
                    "typemoney": "5"
                },
                {
                    "type": 7,
                    "typenum": "",
                    "typemoney": ""
                }
            ]
        },
        {
            "name": "双色球",
            "code": "2022054",
            "detailsLink": "/c/2022/05/15/502151.shtml",
            "videoLink": "/c/2022/05/15/502150.shtml",
            "date": "2022-05-15(日)",
            "week": "日",
            "red": "08,12,21,27,28,33",
            "blue": "11",
            "blue2": "",
            "sales": "391678014",
            "poolmoney": "1941352325",
            "content": "辽宁1注,浙江2注,安徽2注,福建1注,山东1注,重庆1注,河南5注,湖南2注,海南1注,四川1注,云南3注,新疆1注,共21注。",
            "addmoney": "",
            "addmoney2": "",
            "msg": "",
            "z2add": "",
            "m2add": "",
            "prizegrades": [
                {
                    "type": 1,
                    "typenum": "21",
                    "typemoney": "5000000"
                },
                {
                    "type": 2,
                    "typenum": "92",
                    "typemoney": "6000"
                },
                {
                    "type": 3,
                    "typenum": "4177",
                    "typemoney": "3000"
                },
                {
                    "type": 4,
                    "typenum": "149902",
                    "typemoney": "200"
                },
                {
                    "type": 5,
                    "typenum": "2207496",
                    "typemoney": "10"
                },
                {
                    "type": 6,
                    "typenum": "29180031",
                    "typemoney": "5"
                },
                {
                    "type": 7,
                    "typenum": "",
                    "typemoney": ""
                }
            ]
        },
        {
            "name": "双色球",
            "code": "2022053",
            "detailsLink": "/c/2022/05/12/502023.shtml",
            "videoLink": "/c/2022/05/12/502022.shtml",
            "date": "2022-05-12(四)",
            "week": "四",
            "red": "10,14,18,23,27,33",
            "blue": "15",
            "blue2": "",
            "sales": "356510652",
            "poolmoney": "2046352325",
            "content": "北京1注,浙江1注,江西1注,陕西1注,共4注。",
            "addmoney": "",
            "addmoney2": "",
            "msg": "",
            "z2add": "",
            "m2add": "",
            "prizegrades": [
                {
                    "type": 1,
                    "typenum": "4",
                    "typemoney": "10000000"
                },
                {
                    "type": 2,
                    "typenum": "81",
                    "typemoney": "366853"
                },
                {
                    "type": 3,
                    "typenum": "970",
                    "typemoney": "3000"
                },
                {
                    "type": 4,
                    "typenum": "46762",
                    "typemoney": "200"
                },
                {
                    "type": 5,
                    "typenum": "969144",
                    "typemoney": "10"
                },
                {
                    "type": 6,
                    "typenum": "6775188",
                    "typemoney": "5"
                },
                {
                    "type": 7,
                    "typenum": "",
                    "typemoney": ""
                }
            ]
        },
        {
            "name": "双色球",
            "code": "2022052",
            "detailsLink": "/c/2022/05/10/501903.shtml",
            "videoLink": "/c/2022/05/10/501902.shtml",
            "date": "2022-05-10(二)",
            "week": "二",
            "red": "07,24,27,29,31,32",
            "blue": "15",
            "blue2": "",
            "sales": "359187786",
            "poolmoney": "1997206997",
            "content": "河北1注,山西1注,云南1注,陕西1注,共4注。",
            "addmoney": "",
            "addmoney2": "",
            "msg": "",
            "z2add": "",
            "m2add": "",
            "prizegrades": [
                {
                    "type": 1,
                    "typenum": "4",
                    "typemoney": "10000000"
                },
                {
                    "type": 2,
                    "typenum": "61",
                    "typemoney": "467706"
                },
                {
                    "type": 3,
                    "typenum": "888",
                    "typemoney": "3000"
                },
                {
                    "type": 4,
                    "typenum": "47240",
                    "typemoney": "200"
                },
                {
                    "type": 5,
                    "typenum": "1022886",
                    "typemoney": "10"
                },
                {
                    "type": 6,
                    "typenum": "7908172",
                    "typemoney": "5"
                },
                {
                    "type": 7,
                    "typenum": "",
                    "typemoney": ""
                }
            ]
        },
        {
            "name": "双色球",
            "code": "2022051",
            "detailsLink": "/c/2022/05/08/501883.shtml",
            "videoLink": "/c/2022/05/08/501882.shtml",
            "date": "2022-05-08(日)",
            "week": "日",
            "red": "02,05,11,17,21,33",
            "blue": "01",
            "blue2": "",
            "sales": "389679034",
            "poolmoney": "1951616776",
            "content": "河北1注,辽宁1注,贵州1注,云南1注,深圳1注,共5注。",
            "addmoney": "",
            "addmoney2": "",
            "msg": "",
            "z2add": "",
            "m2add": "",
            "prizegrades": [
                {
                    "type": 1,
                    "typenum": "5",
                    "typemoney": "9343551"
                },
                {
                    "type": 2,
                    "typenum": "114",
                    "typemoney": "238133"
                },
                {
                    "type": 3,
                    "typenum": "1235",
                    "typemoney": "3000"
                },
                {
                    "type": 4,
                    "typenum": "70906",
                    "typemoney": "200"
                },
                {
                    "type": 5,
                    "typenum": "1289816",
                    "typemoney": "10"
                },
                {
                    "type": 6,
                    "typenum": "10313916",
                    "typemoney": "5"
                },
                {
                    "type": 7,
                    "typenum": "",
                    "typemoney": ""
                }
            ]
        },
        {
            "name": "双色球",
            "code": "2022050",
            "detailsLink": "/c/2022/05/05/501755.shtml",
            "videoLink": "/c/2022/05/05/501754.shtml",
            "date": "2022-05-05(四)",
            "week": "四",
            "red": "03,05,08,14,27,33",
            "blue": "08",
            "blue2": "",
            "sales": "363371278",
            "poolmoney": "1916892944",
            "content": "北京2注,辽宁1注,黑龙江1注,江苏1注,山东1注,重庆1注,河南7注,广东1注,四川1注,共16注。",
            "addmoney": "",
            "addmoney2": "",
            "msg": "",
            "z2add": "",
            "m2add": "",
            "prizegrades": [
                {
                    "type": 1,
                    "typenum": "16",
                    "typemoney": "6080345"
                },
                {
                    "type": 2,
                    "typenum": "141",
                    "typemoney": "153240"
                },
                {
                    "type": 3,
                    "typenum": "1739",
                    "typemoney": "3000"
                },
                {
                    "type": 4,
                    "typenum": "84801",
                    "typemoney": "200"
                },
                {
                    "type": 5,
                    "typenum": "1523857",
                    "typemoney": "10"
                },
                {
                    "type": 6,
                    "typenum": "10841704",
                    "typemoney": "5"
                },
                {
                    "type": 7,
                    "typenum": "",
                    "typemoney": ""
                }
            ]
        },
        {
            "name": "双色球",
            "code": "2022049",
            "detailsLink": "/c/2022/05/03/501633.shtml",
            "videoLink": "/c/2022/05/03/501632.shtml",
            "date": "2022-05-03(二)",
            "week": "二",
            "red": "02,04,07,18,25,26",
            "blue": "10",
            "blue2": "",
            "sales": "337463590",
            "poolmoney": "1949357745",
            "content": "共0注。",
            "addmoney": "",
            "addmoney2": "",
            "msg": "",
            "z2add": "",
            "m2add": "",
            "prizegrades": [
                {
                    "type": 1,
                    "typenum": "0",
                    "typemoney": "0"
                },
                {
                    "type": 2,
                    "typenum": "127",
                    "typemoney": "175848"
                },
                {
                    "type": 3,
                    "typenum": "1317",
                    "typemoney": "3000"
                },
                {
                    "type": 4,
                    "typenum": "72123",
                    "typemoney": "200"
                },
                {
                    "type": 5,
                    "typenum": "1387553",
                    "typemoney": "10"
                },
                {
                    "type": 6,
                    "typenum": "8754985",
                    "typemoney": "5"
                },
                {
                    "type": 7,
                    "typenum": "",
                    "typemoney": ""
                }
            ]
        },
        {
            "name": "双色球",
            "code": "2022048",
            "detailsLink": "/c/2022/05/01/501613.shtml",
            "videoLink": "/c/2022/05/01/501612.shtml",
            "date": "2022-05-01(日)",
            "week": "日",
            "red": "05,07,17,20,26,31",
            "blue": "14",
            "blue2": "",
            "sales": "357972850",
            "poolmoney": "1882359418",
            "content": "辽宁1注,江西1注,广东1注,贵州1注,共4注。",
            "addmoney": "",
            "addmoney2": "",
            "msg": "",
            "z2add": "",
            "m2add": "",
            "prizegrades": [
                {
                    "type": 1,
                    "typenum": "4",
                    "typemoney": "10000000"
                },
                {
                    "type": 2,
                    "typenum": "180",
                    "typemoney": "165454"
                },
                {
                    "type": 3,
                    "typenum": "969",
                    "typemoney": "3000"
                },
                {
                    "type": 4,
                    "typenum": "58888",
                    "typemoney": "200"
                },
                {
                    "type": 5,
                    "typenum": "1279419",
                    "typemoney": "10"
                },
                {
                    "type": 6,
                    "typenum": "5760142",
                    "typemoney": "5"
                },
                {
                    "type": 7,
                    "typenum": "",
                    "typemoney": ""
                }
            ]
        },
        {
            "name": "双色球",
            "code": "2022047",
            "detailsLink": "/c/2022/04/28/501583.shtml",
            "videoLink": "/c/2022/04/28/501582.shtml",
            "date": "2022-04-28(四)",
            "week": "四",
            "red": "03,07,08,14,27,30",
            "blue": "09",
            "blue2": "",
            "sales": "360230056",
            "poolmoney": "1833014021",
            "content": "上海1注,浙江2注,福建4注,江西1注,山东2注,重庆1注,湖北1注,湖南1注,四川2注,贵州5注,深圳1注,共21注。",
            "addmoney": "",
            "addmoney2": "",
            "msg": "",
            "z2add": "",
            "m2add": "",
            "prizegrades": [
                {
                    "type": 1,
                    "typenum": "21",
                    "typemoney": "5625122"
                },
                {
                    "type": 2,
                    "typenum": "128",
                    "typemoney": "128199"
                },
                {
                    "type": 3,
                    "typenum": "2667",
                    "typemoney": "3000"
                },
                {
                    "type": 4,
                    "typenum": "99201",
                    "typemoney": "200"
                },
                {
                    "type": 5,
                    "typenum": "1570894",
                    "typemoney": "10"
                },
                {
                    "type": 6,
                    "typenum": "13464939",
                    "typemoney": "5"
                },
                {
                    "type": 7,
                    "typenum": "",
                    "typemoney": ""
                }
            ]
        },
        {
            "name": "双色球",
            "code": "2022046",
            "detailsLink": "/c/2022/04/26/501463.shtml",
            "videoLink": "/c/2022/04/26/501462.shtml",
            "date": "2022-04-26(二)",
            "week": "二",
            "red": "02,11,24,25,27,30",
            "blue": "14",
            "blue2": "",
            "sales": "358743356",
            "poolmoney": "1901913181",
            "content": "黑龙江1注,江苏1注,浙江3注,江西1注,河南1注,贵州1注,青海1注,共9注。",
            "addmoney": "",
            "addmoney2": "",
            "msg": "",
            "z2add": "",
            "m2add": "",
            "prizegrades": [
                {
                    "type": 1,
                    "typenum": "9",
                    "typemoney": "7489274"
                },
                {
                    "type": 2,
                    "typenum": "132",
                    "typemoney": "212154"
                },
                {
                    "type": 3,
                    "typenum": "1157",
                    "typemoney": "3000"
                },
                {
                    "type": 4,
                    "typenum": "64937",
                    "typemoney": "200"
                },
                {
                    "type": 5,
                    "typenum": "1254336",
                    "typemoney": "10"
                },
                {
                    "type": 6,
                    "typenum": "6953028",
                    "typemoney": "5"
                },
                {
                    "type": 7,
                    "typenum": "",
                    "typemoney": ""
                }
            ]
        },
        {
            "name": "双色球",
            "code": "2022045",
            "detailsLink": "/c/2022/04/24/501343.shtml",
            "videoLink": "/c/2022/04/24/501342.shtml",
            "date": "2022-04-24(日)",
            "week": "日",
            "red": "03,12,17,18,19,28",
            "blue": "04",
            "blue2": "",
            "sales": "389120778",
            "poolmoney": "1885303642",
            "content": "辽宁1注,浙江1注,安徽1注,江西1注,山东2注,湖南1注,共7注。",
            "addmoney": "",
            "addmoney2": "",
            "msg": "",
            "z2add": "",
            "m2add": "",
            "prizegrades": [
                {
                    "type": 1,
                    "typenum": "7",
                    "typemoney": "7472273"
                },
                {
                    "type": 2,
                    "typenum": "182",
                    "typemoney": "118859"
                },
                {
                    "type": 3,
                    "typenum": "2554",
                    "typemoney": "3000"
                },
                {
                    "type": 4,
                    "typenum": "114388",
                    "typemoney": "200"
                },
                {
                    "type": 5,
                    "typenum": "2005751",
                    "typemoney": "10"
                },
                {
                    "type": 6,
                    "typenum": "10708499",
                    "typemoney": "5"
                },
                {
                    "type": 7,
                    "typenum": "",
                    "typemoney": ""
                }
            ]
        },
        {
            "name": "双色球",
            "code": "2022044",
            "detailsLink": "/c/2022/04/21/501215.shtml",
            "videoLink": "/c/2022/04/21/501214.shtml",
            "date": "2022-04-21(四)",
            "week": "四",
            "red": "01,07,08,21,23,29",
            "blue": "06",
            "blue2": "",
            "sales": "362459788",
            "poolmoney": "1872712376",
            "content": "河南1注,湖南6注,陕西1注,新疆3注,共11注。",
            "addmoney": "",
            "addmoney2": "",
            "msg": "",
            "z2add": "",
            "m2add": "",
            "prizegrades": [
                {
                    "type": 1,
                    "typenum": "11",
                    "typemoney": "6476085"
                },
                {
                    "type": 2,
                    "typenum": "123",
                    "typemoney": "165009"
                },
                {
                    "type": 3,
                    "typenum": "1657",
                    "typemoney": "3000"
                },
                {
                    "type": 4,
                    "typenum": "75494",
                    "typemoney": "200"
                },
                {
                    "type": 5,
                    "typenum": "1392004",
                    "typemoney": "10"
                },
                {
                    "type": 6,
                    "typenum": "12486156",
                    "typemoney": "5"
                },
                {
                    "type": 7,
                    "typenum": "",
                    "typemoney": ""
                }
            ]
        },
        {
            "name": "双色球",
            "code": "2022043",
            "detailsLink": "/c/2022/04/19/501095.shtml",
            "videoLink": "/c/2022/04/19/501094.shtml",
            "date": "2022-04-19(二)",
            "week": "二",
            "red": "02,17,20,23,25,27",
            "blue": "08",
            "blue2": "",
            "sales": "350215018",
            "poolmoney": "1883060805",
            "content": "浙江1注,江西1注,山东2注,广东2注,贵州1注,云南2注,共9注。",
            "addmoney": "",
            "addmoney2": "",
            "msg": "",
            "z2add": "",
            "m2add": "",
            "prizegrades": [
                {
                    "type": 1,
                    "typenum": "9",
                    "typemoney": "6718875"
                },
                {
                    "type": 2,
                    "typenum": "54",
                    "typemoney": "358098"
                },
                {
                    "type": 3,
                    "typenum": "1312",
                    "typemoney": "3000"
                },
                {
                    "type": 4,
                    "typenum": "66237",
                    "typemoney": "200"
                },
                {
                    "type": 5,
                    "typenum": "1274684",
                    "typemoney": "10"
                },
                {
                    "type": 6,
                    "typenum": "12865148",
                    "typemoney": "5"
                },
                {
                    "type": 7,
                    "typenum": "",
                    "typemoney": ""
                }
            ]
        },
        {
            "name": "双色球",
            "code": "2022042",
            "detailsLink": "/c/2022/04/17/500975.shtml",
            "videoLink": "/c/2022/04/17/500974.shtml",
            "date": "2022-04-17(日)",
            "week": "日",
            "red": "05,10,11,21,22,30",
            "blue": "13",
            "blue2": "",
            "sales": "376726628",
            "poolmoney": "1885518647",
            "content": "北京1注,山西1注,江苏2注,浙江1注,四川3注,陕西2注,共10注。",
            "addmoney": "",
            "addmoney2": "",
            "msg": "",
            "z2add": "",
            "m2add": "",
            "prizegrades": [
                {
                    "type": 1,
                    "typenum": "10",
                    "typemoney": "7059021"
                },
                {
                    "type": 2,
                    "typenum": "175",
                    "typemoney": "147072"
                },
                {
                    "type": 3,
                    "typenum": "1624",
                    "typemoney": "3000"
                },
                {
                    "type": 4,
                    "typenum": "77105",
                    "typemoney": "200"
                },
                {
                    "type": 5,
                    "typenum": "1574277",
                    "typemoney": "10"
                },
                {
                    "type": 6,
                    "typenum": "9121844",
                    "typemoney": "5"
                },
                {
                    "type": 7,
                    "typenum": "",
                    "typemoney": ""
                }
            ]
        },
        {
            "name": "双色球",
            "code": "2022041",
            "detailsLink": "/c/2022/04/14/500947.shtml",
            "videoLink": "/c/2022/04/14/500946.shtml",
            "date": "2022-04-14(四)",
            "week": "四",
            "red": "05,07,21,22,24,29",
            "blue": "14",
            "blue2": "",
            "sales": "348280000",
            "poolmoney": "1878895566",
            "content": "辽宁1注,黑龙江1注,重庆2注,共4注。",
            "addmoney": "",
            "addmoney2": "",
            "msg": "",
            "z2add": "",
            "m2add": "",
            "prizegrades": [
                {
                    "type": 1,
                    "typenum": "4",
                    "typemoney": "10000000"
                },
                {
                    "type": 2,
                    "typenum": "57",
                    "typemoney": "504454"
                },
                {
                    "type": 3,
                    "typenum": "799",
                    "typemoney": "3000"
                },
                {
                    "type": 4,
                    "typenum": "47352",
                    "typemoney": "200"
                },
                {
                    "type": 5,
                    "typenum": "1061711",
                    "typemoney": "10"
                },
                {
                    "type": 6,
                    "typenum": "6631431",
                    "typemoney": "5"
                },
                {
                    "type": 7,
                    "typenum": "",
                    "typemoney": ""
                }
            ]
        },
        {
            "name": "双色球",
            "code": "2022040",
            "detailsLink": "/c/2022/04/12/500927.shtml",
            "videoLink": "/c/2022/04/12/500926.shtml",
            "date": "2022-04-12(二)",
            "week": "二",
            "red": "03,12,14,16,31,33",
            "blue": "12",
            "blue2": "",
            "sales": "343211044",
            "poolmoney": "1832633915",
            "content": "北京1注,内蒙古1注,江苏1注,安徽1注,江西1注,山东1注,重庆2注,湖北4注,广东1注,贵州1注,陕西1注,共15注。",
            "addmoney": "",
            "addmoney2": "",
            "msg": "",
            "z2add": "",
            "m2add": "",
            "prizegrades": [
                {
                    "type": 1,
                    "typenum": "15",
                    "typemoney": "5830283"
                },
                {
                    "type": 2,
                    "typenum": "119",
                    "typemoney": "130821"
                },
                {
                    "type": 3,
                    "typenum": "1322",
                    "typemoney": "3000"
                },
                {
                    "type": 4,
                    "typenum": "72884",
                    "typemoney": "200"
                },
                {
                    "type": 5,
                    "typenum": "1344156",
                    "typemoney": "10"
                },
                {
                    "type": 6,
                    "typenum": "14783565",
                    "typemoney": "5"
                },
                {
                    "type": 7,
                    "typenum": "",
                    "typemoney": ""
                }
            ]
        },
        {
            "name": "双色球",
            "code": "2022039",
            "detailsLink": "/c/2022/04/10/500807.shtml",
            "videoLink": "/c/2022/04/10/500806.shtml",
            "date": "2022-04-10(日)",
            "week": "日",
            "red": "02,06,07,10,15,20",
            "blue": "05",
            "blue2": "",
            "sales": "375104494",
            "poolmoney": "1873384741",
            "content": "北京2注,浙江1注,福建1注,山东1注,共5注。",
            "addmoney": "",
            "addmoney2": "",
            "msg": "",
            "z2add": "",
            "m2add": "",
            "prizegrades": [
                {
                    "type": 1,
                    "typenum": "5",
                    "typemoney": "9112790"
                },
                {
                    "type": 2,
                    "typenum": "177",
                    "typemoney": "145225"
                },
                {
                    "type": 3,
                    "typenum": "1693",
                    "typemoney": "3000"
                },
                {
                    "type": 4,
                    "typenum": "79297",
                    "typemoney": "200"
                },
                {
                    "type": 5,
                    "typenum": "1476259",
                    "typemoney": "10"
                },
                {
                    "type": 6,
                    "typenum": "9056092",
                    "typemoney": "5"
                },
                {
                    "type": 7,
                    "typenum": "",
                    "typemoney": ""
                }
            ]
        },
        {
            "name": "双色球",
            "code": "2022038",
            "detailsLink": "/c/2022/04/07/500679.shtml",
            "videoLink": "/c/2022/04/07/500678.shtml",
            "date": "2022-04-07(四)",
            "week": "四",
            "red": "09,12,13,16,24,32",
            "blue": "04",
            "blue2": "",
            "sales": "348860576",
            "poolmoney": "1841833878",
            "content": "安徽1注,江西1注,山东1注,重庆1注,广东1注,共5注。",
            "addmoney": "",
            "addmoney2": "",
            "msg": "",
            "z2add": "",
            "m2add": "",
            "prizegrades": [
                {
                    "type": 1,
                    "typenum": "5",
                    "typemoney": "8932134"
                },
                {
                    "type": 2,
                    "typenum": "67",
                    "typemoney": "366803"
                },
                {
                    "type": 3,
                    "typenum": "1024",
                    "typemoney": "3000"
                },
                {
                    "type": 4,
                    "typenum": "54426",
                    "typemoney": "200"
                },
                {
                    "type": 5,
                    "typenum": "1110914",
                    "typemoney": "10"
                },
                {
                    "type": 6,
                    "typenum": "9514398",
                    "typemoney": "5"
                },
                {
                    "type": 7,
                    "typenum": "",
                    "typemoney": ""
                }
            ]
        },
        {
            "name": "双色球",
            "code": "2022037",
            "detailsLink": "/c/2022/04/05/500559.shtml",
            "videoLink": "/c/2022/04/05/500558.shtml",
            "date": "2022-04-05(二)",
            "week": "二",
            "red": "01,10,13,20,22,32",
            "blue": "14",
            "blue2": "",
            "sales": "332623306",
            "poolmoney": "1812767035",
            "content": "浙江1注,福建1注,重庆1注,共3注。",
            "addmoney": "",
            "addmoney2": "",
            "msg": "",
            "z2add": "",
            "m2add": "",
            "prizegrades": [
                {
                    "type": 1,
                    "typenum": "3",
                    "typemoney": "10000000"
                },
                {
                    "type": 2,
                    "typenum": "74",
                    "typemoney": "372366"
                },
                {
                    "type": 3,
                    "typenum": "677",
                    "typemoney": "3000"
                },
                {
                    "type": 4,
                    "typenum": "39417",
                    "typemoney": "200"
                },
                {
                    "type": 5,
                    "typenum": "861539",
                    "typemoney": "10"
                },
                {
                    "type": 6,
                    "typenum": "6847023",
                    "typemoney": "5"
                },
                {
                    "type": 7,
                    "typenum": "",
                    "typemoney": ""
                }
            ]
        },
        {
            "name": "双色球",
            "code": "2022036",
            "detailsLink": "/c/2022/04/03/500539.shtml",
            "videoLink": "/c/2022/04/03/500538.shtml",
            "date": "2022-04-03(日)",
            "week": "日",
            "red": "02,03,14,16,26,31",
            "blue": "02",
            "blue2": "",
            "sales": "362126634",
            "poolmoney": "1760101650",
            "content": "北京1注,山东1注,重庆1注,广东4注,共7注。",
            "addmoney": "",
            "addmoney2": "",
            "msg": "",
            "z2add": "",
            "m2add": "",
            "prizegrades": [
                {
                    "type": 1,
                    "typenum": "7",
                    "typemoney": "8039081"
                },
                {
                    "type": 2,
                    "typenum": "110",
                    "typemoney": "241745"
                },
                {
                    "type": 3,
                    "typenum": "1112",
                    "typemoney": "3000"
                },
                {
                    "type": 4,
                    "typenum": "59635",
                    "typemoney": "200"
                },
                {
                    "type": 5,
                    "typenum": "1183135",
                    "typemoney": "10"
                },
                {
                    "type": 6,
                    "typenum": "8795969",
                    "typemoney": "5"
                },
                {
                    "type": 7,
                    "typenum": "",
                    "typemoney": ""
                }
            ]
        },
        {
            "name": "双色球",
            "code": "2022035",
            "detailsLink": "/c/2022/03/31/500511.shtml",
            "videoLink": "/c/2022/03/31/500510.shtml",
            "date": "2022-03-31(四)",
            "week": "四",
            "red": "08,12,13,19,23,25",
            "blue": "15",
            "blue2": "",
            "sales": "353577746",
            "poolmoney": "1736599330",
            "content": "河北1注,浙江1注,福建1注,山东1注,河南2注,四川1注,贵州1注,共8注。",
            "addmoney": "",
            "addmoney2": "",
            "msg": "",
            "z2add": "",
            "m2add": "",
            "prizegrades": [
                {
                    "type": 1,
                    "typenum": "8",
                    "typemoney": "7126487"
                },
                {
                    "type": 2,
                    "typenum": "169",
                    "typemoney": "125827"
                },
                {
                    "type": 3,
                    "typenum": "1773",
                    "typemoney": "3000"
                },
                {
                    "type": 4,
                    "typenum": "82237",
                    "typemoney": "200"
                },
                {
                    "type": 5,
                    "typenum": "1421190",
                    "typemoney": "10"
                },
                {
                    "type": 6,
                    "typenum": "10443059",
                    "typemoney": "5"
                },
                {
                    "type": 7,
                    "typenum": "",
                    "typemoney": ""
                }
            ]
        },
        {
            "name": "双色球",
            "code": "2022034",
            "detailsLink": "/c/2022/03/29/500291.shtml",
            "videoLink": "/c/2022/03/29/500290.shtml",
            "date": "2022-03-29(二)",
            "week": "二",
            "red": "14,17,26,31,32,33",
            "blue": "10",
            "blue2": "",
            "sales": "361289854",
            "poolmoney": "1729816605",
            "content": "辽宁6注,吉林1注,江西1注,山东1注,共9注。",
            "addmoney": "",
            "addmoney2": "",
            "msg": "",
            "z2add": "",
            "m2add": "",
            "prizegrades": [
                {
                    "type": 1,
                    "typenum": "9",
                    "typemoney": "7033420"
                },
                {
                    "type": 2,
                    "typenum": "49",
                    "typemoney": "466856"
                },
                {
                    "type": 3,
                    "typenum": "1083",
                    "typemoney": "3000"
                },
                {
                    "type": 4,
                    "typenum": "52816",
                    "typemoney": "200"
                },
                {
                    "type": 5,
                    "typenum": "1034743",
                    "typemoney": "10"
                },
                {
                    "type": 6,
                    "typenum": "12273697",
                    "typemoney": "5"
                },
                {
                    "type": 7,
                    "typenum": "",
                    "typemoney": ""
                }
            ]
        },
        {
            "name": "双色球",
            "code": "2022033",
            "detailsLink": "/c/2022/03/27/500071.shtml",
            "videoLink": "/c/2022/03/27/500070.shtml",
            "date": "2022-03-27(日)",
            "week": "日",
            "red": "05,12,19,22,25,26",
            "blue": "05",
            "blue2": "",
            "sales": "392018786",
            "poolmoney": "1724489453",
            "content": "河北2注,浙江1注,山东1注,河南2注,湖北1注,海南1注,四川1注,贵州1注,云南1注,共11注。",
            "addmoney": "",
            "addmoney2": "",
            "msg": "",
            "z2add": "",
            "m2add": "",
            "prizegrades": [
                {
                    "type": 1,
                    "typenum": "11",
                    "typemoney": "6853773"
                },
                {
                    "type": 2,
                    "typenum": "192",
                    "typemoney": "132757"
                },
                {
                    "type": 3,
                    "typenum": "2019",
                    "typemoney": "3000"
                },
                {
                    "type": 4,
                    "typenum": "95725",
                    "typemoney": "200"
                },
                {
                    "type": 5,
                    "typenum": "1666450",
                    "typemoney": "10"
                },
                {
                    "type": 6,
                    "typenum": "9653032",
                    "typemoney": "5"
                },
                {
                    "type": 7,
                    "typenum": "",
                    "typemoney": ""
                }
            ]
        },
        {
            "name": "双色球",
            "code": "2022032",
            "detailsLink": "/c/2022/03/24/499943.shtml",
            "videoLink": "/c/2022/03/24/499942.shtml",
            "date": "2022-03-24(四)",
            "week": "四",
            "red": "04,10,11,14,23,32",
            "blue": "07",
            "blue2": "",
            "sales": "365937174",
            "poolmoney": "1723412804",
            "content": "上海1注,安徽1注,四川5注,共7注。",
            "addmoney": "",
            "addmoney2": "",
            "msg": "",
            "z2add": "",
            "m2add": "",
            "prizegrades": [
                {
                    "type": 1,
                    "typenum": "7",
                    "typemoney": "8228322"
                },
                {
                    "type": 2,
                    "typenum": "54",
                    "typemoney": "523107"
                },
                {
                    "type": 3,
                    "typenum": "968",
                    "typemoney": "3000"
                },
                {
                    "type": 4,
                    "typenum": "50898",
                    "typemoney": "200"
                },
                {
                    "type": 5,
                    "typenum": "1036778",
                    "typemoney": "10"
                },
                {
                    "type": 6,
                    "typenum": "8573311",
                    "typemoney": "5"
                },
                {
                    "type": 7,
                    "typenum": "",
                    "typemoney": ""
                }
            ]
        },
        {
            "name": "双色球",
            "code": "2022031",
            "detailsLink": "/c/2022/03/22/499923.shtml",
            "videoLink": "/c/2022/03/22/499922.shtml",
            "date": "2022-03-22(二)",
            "week": "二",
            "red": "01,10,11,22,26,32",
            "blue": "07",
            "blue2": "",
            "sales": "353060708",
            "poolmoney": "1696267600",
            "content": "山西2注,江苏1注,浙江4注,安徽2注,河南3注,湖北1注,广东1注,贵州1注,云南12注,陕西1注,共28注。",
            "addmoney": "",
            "addmoney2": "",
            "msg": "",
            "z2add": "",
            "m2add": "",
            "prizegrades": [
                {
                    "type": 1,
                    "typenum": "28",
                    "typemoney": "5507246"
                },
                {
                    "type": 2,
                    "typenum": "296",
                    "typemoney": "59978"
                },
                {
                    "type": 3,
                    "typenum": "1856",
                    "typemoney": "3000"
                },
                {
                    "type": 4,
                    "typenum": "87709",
                    "typemoney": "200"
                },
                {
                    "type": 5,
                    "typenum": "1466943",
                    "typemoney": "10"
                },
                {
                    "type": 6,
                    "typenum": "12841213",
                    "typemoney": "5"
                },
                {
                    "type": 7,
                    "typenum": "",
                    "typemoney": ""
                }
            ]
        },
        {
            "name": "双色球",
            "code": "2022030",
            "detailsLink": "/c/2022/03/20/499803.shtml",
            "videoLink": "/c/2022/03/20/499802.shtml",
            "date": "2022-03-20(日)",
            "week": "日",
            "red": "12,23,24,26,27,30",
            "blue": "05",
            "blue2": "",
            "sales": "376910184",
            "poolmoney": "1797209652",
            "content": "浙江1注,山东5注,广东12注,共18注。",
            "addmoney": "",
            "addmoney2": "",
            "msg": "",
            "z2add": "",
            "m2add": "",
            "prizegrades": [
                {
                    "type": 1,
                    "typenum": "18",
                    "typemoney": "5942310"
                },
                {
                    "type": 2,
                    "typenum": "55",
                    "typemoney": "385490"
                },
                {
                    "type": 3,
                    "typenum": "1634",
                    "typemoney": "3000"
                },
                {
                    "type": 4,
                    "typenum": "73945",
                    "typemoney": "200"
                },
                {
                    "type": 5,
                    "typenum": "1392454",
                    "typemoney": "10"
                },
                {
                    "type": 6,
                    "typenum": "13252504",
                    "typemoney": "5"
                },
                {
                    "type": 7,
                    "typenum": "",
                    "typemoney": ""
                }
            ]
        },
        {
            "name": "双色球",
            "code": "2022029",
            "detailsLink": "/c/2022/03/17/499775.shtml",
            "videoLink": "/c/2022/03/17/499774.shtml",
            "date": "2022-03-17(四)",
            "week": "四",
            "red": "03,08,10,13,26,32",
            "blue": "08",
            "blue2": "",
            "sales": "354275468",
            "poolmoney": "1840565291",
            "content": "天津1注,山西1注,江苏2注,浙江1注,安徽2注,湖北2注,广东1注,共10注。",
            "addmoney": "",
            "addmoney2": "",
            "msg": "",
            "z2add": "",
            "m2add": "",
            "prizegrades": [
                {
                    "type": 1,
                    "typenum": "10",
                    "typemoney": "6314985"
                },
                {
                    "type": 2,
                    "typenum": "105",
                    "typemoney": "156545"
                },
                {
                    "type": 3,
                    "typenum": "1906",
                    "typemoney": "3000"
                },
                {
                    "type": 4,
                    "typenum": "92362",
                    "typemoney": "200"
                },
                {
                    "type": 5,
                    "typenum": "1645192",
                    "typemoney": "10"
                },
                {
                    "type": 6,
                    "typenum": "13440677",
                    "typemoney": "5"
                },
                {
                    "type": 7,
                    "typenum": "",
                    "typemoney": ""
                }
            ]
        },
        {
            "name": "双色球",
            "code": "2022028",
            "detailsLink": "/c/2022/03/15/499655.shtml",
            "videoLink": "/c/2022/03/15/499654.shtml",
            "date": "2022-03-15(二)",
            "week": "二",
            "red": "05,11,20,22,23,29",
            "blue": "09",
            "blue2": "",
            "sales": "359741624",
            "poolmoney": "1854403191",
            "content": "山西1注,广东7注,陕西1注,共9注。",
            "addmoney": "",
            "addmoney2": "",
            "msg": "",
            "z2add": "",
            "m2add": "",
            "prizegrades": [
                {
                    "type": 1,
                    "typenum": "9",
                    "typemoney": "6991710"
                },
                {
                    "type": 2,
                    "typenum": "330",
                    "typemoney": "67899"
                },
                {
                    "type": 3,
                    "typenum": "1371",
                    "typemoney": "3000"
                },
                {
                    "type": 4,
                    "typenum": "82678",
                    "typemoney": "200"
                },
                {
                    "type": 5,
                    "typenum": "1572608",
                    "typemoney": "10"
                },
                {
                    "type": 6,
                    "typenum": "10054350",
                    "typemoney": "5"
                },
                {
                    "type": 7,
                    "typenum": "",
                    "typemoney": ""
                }
            ]
        }
    ]
}