{
    "state": 0,
    "message": "查询成功",
    "pageCount": 2,
    "countNum": 151,
    "Tflag": 1,
    "result": [
        {
            "name": "双色球",
            "code": "2019100",
            "detailsLink": "/c/2019/08/27/457138.shtml",
            "videoLink": "/c/2019/08/27/457137.shtml",
            "date": "2019-08-27(二)",
            "week": "二",
            "red": "01,04,12,13,30,32",
            "blue": "08",
            "blue2": "",
            "sales": "334319180",
            "poolmoney": "720116287",
            "content": "浙江1注,湖北1注,共2注。",
            "addmoney": "",
            "addmoney2": "",
            "msg": "",
            "z2add": "",
            "m2add": "",
            "prizegrades": [
                {
                    "type": 1,
                    "typenum": "2",
                    "typemoney": "10000000"
                },
                {
                    "type": 2,
                    "typenum": "60",
                    "typemoney": "404624"
                },
                {
                    "type": 3,
                    "typenum": "845",
                    "typemoney": "3000"
                },
                {
                    "type": 4,
                    "typenum": "45195",
                    "typemoney": "200"
                },
                {
                    "type": 5,
                    "typenum": "968141",
                    "typemoney": "10"
                },
                {
                    "type": 6,
                    "typenum": "9090234",
                    "typemoney": "5"
                },
                {
                    "type": 7,
                    "typenum": "",
                    "typemoney": ""
                }
            ]
        },
        {
            "name": "双色球",
            "code": "2019099",
            "detailsLink": "/c/2019/08/25/456928.shtml",
            "videoLink": "/c/2019/08/25/456927.shtml",
            "date": "2019-08-25(日)",
            "week": "日",
            "red": "07,14,22,23,27,30",
            "blue": "08",
            "blue2": "",
            "sales": "355328056",
            "poolmoney": "667283924",
            "content": "吉林16注,黑龙江1注,安徽3注,江西1注,山东1注,广东1注,四川2注,宁夏1注,共26注。",
            "addmoney": "",
            "addmoney2": "",
            "msg": "",
            "z2add": "",
            "m2add": "",
            "prizegrades": [
                {
                    "type": 1,
                    "typenum": "26",
                    "typemoney": "5524776"
                },
                {
                    "type": 2,
                    "typenum": "185",
                    "typemoney": "92190"
                },
                {
                    "type": 3,
                    "typenum": "2027",
                    "typemoney": "3000"
                },
                {
                    "type": 4,
                    "typenum": "96967",
                    "typemoney": "200"
                },
                {
                    "type": 5,
                    "typenum": "1636993",
                    "typemoney": "10"
                },
                {
                    "type": 6,
                    "typenum": "12809107",
                    "typemoney": "5"
                },
                {
                    "type": 7,
                    "typenum": "",
                    "typemoney": ""
                }
            ]
        },
        {
            "name": "双色球",
            "code": "2019098",
            "detailsLink": "/c/2019/08/22/456915.shtml",
            "videoLink": "/c/2019/08/22/456914.shtml",
            "date": "2019-08-22(四)",
            "week": "四",
            "red": "03,11,12,14,17,26",
            "blue": "09",
            "blue2": "",
            "sales": "334187522",
            "poolmoney": "759762439",
            "content": "辽宁1注,黑龙江1注,浙江1注,湖南1注,共4注。",
            "addmoney": "",
            "addmoney2": "",
            "msg": "",
            "z2add": "",
            "m2add": "",
            "prizegrades": [
                {
                    "type": 1,
                    "typenum": "4",
                    "typemoney": "9535306"
                },
                {
                    "type": 2,
                    "typenum": "136",
                    "typemoney": "166739"
                },
                {
                    "type": 3,
                    "typenum": "1215",
                    "typemoney": "3000"
                },
                {
                    "type": 4,
                    "typenum": "69931",
                    "typemoney": "200"
                },
                {
                    "type": 5,
                    "typenum": "1352743",
                    "typemoney": "10"
                },
                {
                    "type": 6,
                    "typenum": "8377424",
                    "typemoney": "5"
                },
                {
                    "type": 7,
                    "typenum": "",
                    "typemoney": ""
                }
            ]
        },
        {
            "name": "双色球",
            "code": "2019097",
            "detailsLink": "/c/2019/08/20/456805.shtml",
            "videoLink": "/c/2019/08/20/456804.shtml",
            "date": "2019-08-20(二)",
            "week": "二",
            "red": "03,05,18,24,25,31",
            "blue": "09",
            "blue2": "",
            "sales": "328319954",
            "poolmoney": "729874065",
            "content": "辽宁1注,广东2注,陕西1注,新疆1注,共5注。",
            "addmoney": "",
            "addmoney2": "",
            "msg": "",
            "z2add": "",
            "m2add": "",
            "prizegrades": [
                {
                    "type": 1,
                    "typenum": "5",
                    "typemoney": "7465772"
                },
                {
                    "type": 2,
                    "typenum": "98",
                    "typemoney": "157255"
                },
                {
                    "type": 3,
                    "typenum": "1765",
                    "typemoney": "3000"
                },
                {
                    "type": 4,
                    "typenum": "77971",
                    "typemoney": "200"
                },
                {
                    "type": 5,
                    "typenum": "1313064",
                    "typemoney": "10"
                },
                {
                    "type": 6,
                    "typenum": "13042526",
                    "typemoney": "5"
                },
                {
                    "type": 7,
                    "typenum": "",
                    "typemoney": ""
                }
            ]
        },
        {
            "name": "双色球",
            "code": "2019096",
            "detailsLink": "/c/2019/08/18/456695.shtml",
            "videoLink": "/c/2019/08/18/456694.shtml",
            "date": "2019-08-18(日)",
            "week": "日",
            "red": "05,07,12,18,27,32",
            "blue": "11",
            "blue2": "",
            "sales": "355103324",
            "poolmoney": "720969696",
            "content": "河北1注,山西25注,辽宁1注,江西1注,山东1注,重庆1注,河南3注,广东2注,广西1注,四川11注,甘肃1注,共48注。",
            "addmoney": "",
            "addmoney2": "",
            "msg": "",
            "z2add": "",
            "m2add": "",
            "prizegrades": [
                {
                    "type": 1,
                    "typenum": "48",
                    "typemoney": "5399584"
                },
                {
                    "type": 2,
                    "typenum": "310",
                    "typemoney": "77338"
                },
                {
                    "type": 3,
                    "typenum": "1661",
                    "typemoney": "3000"
                },
                {
                    "type": 4,
                    "typenum": "73201",
                    "typemoney": "200"
                },
                {
                    "type": 5,
                    "typenum": "1256085",
                    "typemoney": "10"
                },
                {
                    "type": 6,
                    "typenum": "9183250",
                    "typemoney": "5"
                },
                {
                    "type": 7,
                    "typenum": "",
                    "typemoney": ""
                }
            ]
        },
        {
            "name": "双色球",
            "code": "2019095",
            "detailsLink": "/c/2019/08/15/456682.shtml",
            "videoLink": "/c/2019/08/15/456681.shtml",
            "date": "2019-08-15(四)",
            "week": "四",
            "red": "02,05,14,19,21,28",
            "blue": "01",
            "blue2": "",
            "sales": "327102912",
            "poolmoney": "908224516",
            "content": "辽宁2注,广东1注,共3注。",
            "addmoney": "",
            "addmoney2": "",
            "msg": "",
            "z2add": "",
            "m2add": "",
            "prizegrades": [
                {
                    "type": 1,
                    "typenum": "3",
                    "typemoney": "10000000"
                },
                {
                    "type": 2,
                    "typenum": "95",
                    "typemoney": "236670"
                },
                {
                    "type": 3,
                    "typenum": "843",
                    "typemoney": "3000"
                },
                {
                    "type": 4,
                    "typenum": "50960",
                    "typemoney": "200"
                },
                {
                    "type": 5,
                    "typenum": "1037704",
                    "typemoney": "10"
                },
                {
                    "type": 6,
                    "typenum": "9449489",
                    "typemoney": "5"
                },
                {
                    "type": 7,
                    "typenum": "",
                    "typemoney": ""
                }
            ]
        },
        {
            "name": "双色球",
            "code": "2019094",
            "detailsLink": "/c/2019/08/13/456572.shtml",
            "videoLink": "/c/2019/08/13/456571.shtml",
            "date": "2019-08-13(二)",
            "week": "二",
            "red": "05,10,12,18,19,27",
            "blue": "06",
            "blue2": "",
            "sales": "318739184",
            "poolmoney": "870773310",
            "content": "江苏1注,浙江2注,江西2注,广东1注,陕西1注,深圳1注,共8注。",
            "addmoney": "",
            "addmoney2": "",
            "msg": "",
            "z2add": "",
            "m2add": "",
            "prizegrades": [
                {
                    "type": 1,
                    "typenum": "8",
                    "typemoney": "6822140"
                },
                {
                    "type": 2,
                    "typenum": "301",
                    "typemoney": "60536"
                },
                {
                    "type": 3,
                    "typenum": "1930",
                    "typemoney": "3000"
                },
                {
                    "type": 4,
                    "typenum": "90607",
                    "typemoney": "200"
                },
                {
                    "type": 5,
                    "typenum": "1519430",
                    "typemoney": "10"
                },
                {
                    "type": 6,
                    "typenum": "8838174",
                    "typemoney": "5"
                },
                {
                    "type": 7,
                    "typenum": "",
                    "typemoney": ""
                }
            ]
        },
        {
            "name": "双色球",
            "code": "2019093",
            "detailsLink": "/c/2019/08/11/456362.shtml",
            "videoLink": "/c/2019/08/11/456361.shtml",
            "date": "2019-08-11(日)",
            "week": "日",
            "red": "05,07,08,09,20,22",
            "blue": "02",
            "blue2": "",
            "sales": "343851622",
            "poolmoney": "870686214",
            "content": "北京2注,河北1注,内蒙古1注,辽宁2注,吉林1注,上海1注,江苏1注,浙江3注,安徽2注,福建1注,山东3注,河南5注,湖北2注,广西1注,甘肃1注,共27注。",
            "addmoney": "",
            "addmoney2": "",
            "msg": "",
            "z2add": "",
            "m2add": "",
            "prizegrades": [
                {
                    "type": 1,
                    "typenum": "27",
                    "typemoney": "5590139"
                },
                {
                    "type": 2,
                    "typenum": "629",
                    "typemoney": "31664"
                },
                {
                    "type": 3,
                    "typenum": "2755",
                    "typemoney": "3000"
                },
                {
                    "type": 4,
                    "typenum": "124188",
                    "typemoney": "200"
                },
                {
                    "type": 5,
                    "typenum": "1910404",
                    "typemoney": "10"
                },
                {
                    "type": 6,
                    "typenum": "7322377",
                    "typemoney": "5"
                },
                {
                    "type": 7,
                    "typenum": "",
                    "typemoney": ""
                }
            ]
        },
        {
            "name": "双色球",
            "code": "2019092",
            "detailsLink": "/c/2019/08/08/456349.shtml",
            "videoLink": "/c/2019/08/08/456348.shtml",
            "date": "2019-08-08(四)",
            "week": "四",
            "red": "09,17,27,28,32,33",
            "blue": "08",
            "blue2": "",
            "sales": "325113036",
            "poolmoney": "961868391",
            "content": "北京1注,江苏1注,浙江1注,重庆1注,湖南1注,广东1注,共6注。",
            "addmoney": "",
            "addmoney2": "",
            "msg": "",
            "z2add": "",
            "m2add": "",
            "prizegrades": [
                {
                    "type": 1,
                    "typenum": "6",
                    "typemoney": "6573767"
                },
                {
                    "type": 2,
                    "typenum": "67",
                    "typemoney": "176168"
                },
                {
                    "type": 3,
                    "typenum": "2218",
                    "typemoney": "3000"
                },
                {
                    "type": 4,
                    "typenum": "96986",
                    "typemoney": "200"
                },
                {
                    "type": 5,
                    "typenum": "1510147",
                    "typemoney": "10"
                },
                {
                    "type": 6,
                    "typenum": "14187938",
                    "typemoney": "5"
                },
                {
                    "type": 7,
                    "typenum": "",
                    "typemoney": ""
                }
            ]
        },
        {
            "name": "双色球",
            "code": "2019091",
            "detailsLink": "/c/2019/08/06/456239.shtml",
            "videoLink": "/c/2019/08/06/456238.shtml",
            "date": "2019-08-06(二)",
            "week": "二",
            "red": "07,10,21,24,29,32",
            "blue": "11",
            "blue2": "",
            "sales": "321773688",
            "poolmoney": "965901226",
            "content": "重庆1注,深圳1注,共2注。",
            "addmoney": "",
            "addmoney2": "",
            "msg": "",
            "z2add": "",
            "m2add": "",
            "prizegrades": [
                {
                    "type": 1,
                    "typenum": "2",
                    "typemoney": "10000000"
                },
                {
                    "type": 2,
                    "typenum": "94",
                    "typemoney": "260518"
                },
                {
                    "type": 3,
                    "typenum": "1182",
                    "typemoney": "3000"
                },
                {
                    "type": 4,
                    "typenum": "48596",
                    "typemoney": "200"
                },
                {
                    "type": 5,
                    "typenum": "1027933",
                    "typemoney": "10"
                },
                {
                    "type": 6,
                    "typenum": "7233888",
                    "typemoney": "5"
                },
                {
                    "type": 7,
                    "typenum": "",
                    "typemoney": ""
                }
            ]
        },
        {
            "name": "双色球",
            "code": "2019090",
            "detailsLink": "/c/2019/08/04/456129.shtml",
            "videoLink": "/c/2019/08/04/456128.shtml",
            "date": "2019-08-04(日)",
            "week": "日",
            "red": "02,03,06,08,14,22",
            "blue": "04",
            "blue2": "",
            "sales": "355808718",
            "poolmoney": "912434874",
            "content": "辽宁1注,广东1注,共2注。",
            "addmoney": "",
            "addmoney2": "",
            "msg": "",
            "z2add": "",
            "m2add": "",
            "prizegrades": [
                {
                    "type": 1,
                    "typenum": "2",
                    "typemoney": "10000000"
                },
                {
                    "type": 2,
                    "typenum": "93",
                    "typemoney": "289490"
                },
                {
                    "type": 3,
                    "typenum": "1079",
                    "typemoney": "3000"
                },
                {
                    "type": 4,
                    "typenum": "61443",
                    "typemoney": "200"
                },
                {
                    "type": 5,
                    "typenum": "1234613",
                    "typemoney": "10"
                },
                {
                    "type": 6,
                    "typenum": "7756791",
                    "typemoney": "5"
                },
                {
                    "type": 7,
                    "typenum": "",
                    "typemoney": ""
                }
            ]
        },
        {
            "name": "双色球",
            "code": "2019089",
            "detailsLink": "/c/2019/08/01/456116.shtml",
            "videoLink": "/c/2019/08/01/456115.shtml",
            "date": "2019-08-01(四)",
            "week": "四",
            "red": "02,04,14,16,20,22",
            "blue": "11",
            "blue2": "",
            "sales": "321183320",
            "poolmoney": "851666935",
            "content": "辽宁1注,安徽1注,湖北3注,湖南1注,广西1注,共7注。",
            "addmoney": "",
            "addmoney2": "",
            "msg": "",
            "z2add": "",
            "m2add": "",
            "prizegrades": [
                {
                    "type": 1,
                    "typenum": "7",
                    "typemoney": "6961515"
                },
                {
                    "type": 2,
                    "typenum": "104",
                    "typemoney": "165031"
                },
                {
                    "type": 3,
                    "typenum": "1201",
                    "typemoney": "3000"
                },
                {
                    "type": 4,
                    "typenum": "61937",
                    "typemoney": "200"
                },
                {
                    "type": 5,
                    "typenum": "1127679",
                    "typemoney": "10"
                },
                {
                    "type": 6,
                    "typenum": "12291918",
                    "typemoney": "5"
                },
                {
                    "type": 7,
                    "typenum": "",
                    "typemoney": ""
                }
            ]
        },
        {
            "name": "双色球",
            "code": "2019088",
            "detailsLink": "/c/2019/07/30/456006.shtml",
            "videoLink": "/c/2019/07/30/456005.shtml",
            "date": "2019-07-30(二)",
            "week": "二",
            "red": "13,14,15,21,23,29",
            "blue": "13",
            "blue2": "",
            "sales": "320442344",
            "poolmoney": "848907760",
            "content": "黑龙江1注,江苏3注,浙江3注,山东1注,湖南1注,广东7注,四川1注,云南1注,共18注。",
            "addmoney": "",
            "addmoney2": "",
            "msg": "",
            "z2add": "",
            "m2add": "",
            "prizegrades": [
                {
                    "type": 1,
                    "typenum": "18",
                    "typemoney": "5697370"
                },
                {
                    "type": 2,
                    "typenum": "77",
                    "typemoney": "203777"
                },
                {
                    "type": 3,
                    "typenum": "1852",
                    "typemoney": "3000"
                },
                {
                    "type": 4,
                    "typenum": "76697",
                    "typemoney": "200"
                },
                {
                    "type": 5,
                    "typenum": "1238738",
                    "typemoney": "10"
                },
                {
                    "type": 6,
                    "typenum": "12194123",
                    "typemoney": "5"
                },
                {
                    "type": 7,
                    "typenum": "",
                    "typemoney": ""
                }
            ]
        },
        {
            "name": "双色球",
            "code": "2019087",
            "detailsLink": "/c/2019/07/28/455896.shtml",
            "videoLink": "/c/2019/07/28/455895.shtml",
            "date": "2019-07-28(日)",
            "week": "日",
            "red": "04,05,07,09,21,30",
            "blue": "04",
            "blue2": "",
            "sales": "348495228",
            "poolmoney": "904387916",
            "content": "上海4注,安徽1注,共5注。",
            "addmoney": "",
            "addmoney2": "",
            "msg": "",
            "z2add": "",
            "m2add": "",
            "prizegrades": [
                {
                    "type": 1,
                    "typenum": "5",
                    "typemoney": "9423734"
                },
                {
                    "type": 2,
                    "typenum": "99",
                    "typemoney": "279276"
                },
                {
                    "type": 3,
                    "typenum": "994",
                    "typemoney": "3000"
                },
                {
                    "type": 4,
                    "typenum": "61058",
                    "typemoney": "200"
                },
                {
                    "type": 5,
                    "typenum": "1300800",
                    "typemoney": "10"
                },
                {
                    "type": 6,
                    "typenum": "6393538",
                    "typemoney": "5"
                },
                {
                    "type": 7,
                    "typenum": "",
                    "typemoney": ""
                }
            ]
        },
        {
            "name": "双色球",
            "code": "2019086",
            "detailsLink": "/c/2019/07/25/455783.shtml",
            "videoLink": "/c/2019/07/25/455782.shtml",
            "date": "2019-07-25(四)",
            "week": "四",
            "red": "16,22,24,26,28,31",
            "blue": "06",
            "blue2": "",
            "sales": "318423888",
            "poolmoney": "868561562",
            "content": "天津1注,江苏1注,福建1注,江西1注,广东1注,甘肃1注,青海1注,深圳4注,共11注。",
            "addmoney": "",
            "addmoney2": "",
            "msg": "",
            "z2add": "",
            "m2add": "",
            "prizegrades": [
                {
                    "type": 1,
                    "typenum": "11",
                    "typemoney": "6364807"
                },
                {
                    "type": 2,
                    "typenum": "120",
                    "typemoney": "156384"
                },
                {
                    "type": 3,
                    "typenum": "1475",
                    "typemoney": "3000"
                },
                {
                    "type": 4,
                    "typenum": "67830",
                    "typemoney": "200"
                },
                {
                    "type": 5,
                    "typenum": "1190814",
                    "typemoney": "10"
                },
                {
                    "type": 6,
                    "typenum": "10212836",
                    "typemoney": "5"
                },
                {
                    "type": 7,
                    "typenum": "",
                    "typemoney": ""
                }
            ]
        },
        {
            "name": "双色球",
            "code": "2019085",
            "detailsLink": "/c/2019/07/23/455673.shtml",
            "videoLink": "/c/2019/07/23/455672.shtml",
            "date": "2019-07-23(二)",
            "week": "二",
            "red": "01,04,14,18,24,29",
            "blue": "04",
            "blue2": "",
            "sales": "322387974",
            "poolmoney": "882276151",
            "content": "河北1注,江苏2注,山东5注,湖北1注,广东1注,陕西2注,共12注。",
            "addmoney": "",
            "addmoney2": "",
            "msg": "",
            "z2add": "",
            "m2add": "",
            "prizegrades": [
                {
                    "type": 1,
                    "typenum": "12",
                    "typemoney": "6519571"
                },
                {
                    "type": 2,
                    "typenum": "61",
                    "typemoney": "373665"
                },
                {
                    "type": 3,
                    "typenum": "1336",
                    "typemoney": "3000"
                },
                {
                    "type": 4,
                    "typenum": "54007",
                    "typemoney": "200"
                },
                {
                    "type": 5,
                    "typenum": "935004",
                    "typemoney": "10"
                },
                {
                    "type": 6,
                    "typenum": "8527271",
                    "typemoney": "5"
                },
                {
                    "type": 7,
                    "typenum": "",
                    "typemoney": ""
                }
            ]
        },
        {
            "name": "双色球",
            "code": "2019084",
            "detailsLink": "/c/2019/07/21/455663.shtml",
            "videoLink": "/c/2019/07/21/455662.shtml",
            "date": "2019-07-21(日)",
            "week": "日",
            "red": "04,08,14,18,20,27",
            "blue": "03",
            "blue2": "",
            "sales": "356282880",
            "poolmoney": "892130280",
            "content": "内蒙古1注,浙江1注,安徽1注,山东11注,河南1注,共15注。",
            "addmoney": "",
            "addmoney2": "",
            "msg": "",
            "z2add": "",
            "m2add": "",
            "prizegrades": [
                {
                    "type": 1,
                    "typenum": "15",
                    "typemoney": "5979203"
                },
                {
                    "type": 2,
                    "typenum": "300",
                    "typemoney": "61200"
                },
                {
                    "type": 3,
                    "typenum": "2549",
                    "typemoney": "3000"
                },
                {
                    "type": 4,
                    "typenum": "124314",
                    "typemoney": "200"
                },
                {
                    "type": 5,
                    "typenum": "2086504",
                    "typemoney": "10"
                },
                {
                    "type": 6,
                    "typenum": "9552705",
                    "typemoney": "5"
                },
                {
                    "type": 7,
                    "typenum": "",
                    "typemoney": ""
                }
            ]
        },
        {
            "name": "双色球",
            "code": "2019083",
            "detailsLink": "/c/2019/07/18/455650.shtml",
            "videoLink": "/c/2019/07/18/455649.shtml",
            "date": "2019-07-18(四)",
            "week": "四",
            "red": "06,15,17,26,28,31",
            "blue": "03",
            "blue2": "",
            "sales": "329029762",
            "poolmoney": "926738145",
            "content": "河北1注,江苏5注,浙江1注,安徽1注,贵州2注,共10注。",
            "addmoney": "",
            "addmoney2": "",
            "msg": "",
            "z2add": "",
            "m2add": "",
            "prizegrades": [
                {
                    "type": 1,
                    "typenum": "10",
                    "typemoney": "6795196"
                },
                {
                    "type": 2,
                    "typenum": "118",
                    "typemoney": "190169"
                },
                {
                    "type": 3,
                    "typenum": "1189",
                    "typemoney": "3000"
                },
                {
                    "type": 4,
                    "typenum": "61110",
                    "typemoney": "200"
                },
                {
                    "type": 5,
                    "typenum": "1161496",
                    "typemoney": "10"
                },
                {
                    "type": 6,
                    "typenum": "8812163",
                    "typemoney": "5"
                },
                {
                    "type": 7,
                    "typenum": "",
                    "typemoney": ""
                }
            ]
        },
        {
            "name": "双色球",
            "code": "2019082",
            "detailsLink": "/c/2019/07/16/455540.shtml",
            "videoLink": "/c/2019/07/16/455539.shtml",
            "date": "2019-07-16(二)",
            "week": "二",
            "red": "07,16,19,22,24,28",
            "blue": "02",
            "blue2": "",
            "sales": "328221990",
            "poolmoney": "927370251",
            "content": "河北1注,辽宁1注,安徽1注,广东2注,共5注。",
            "addmoney": "",
            "addmoney2": "",
            "msg": "",
            "z2add": "",
            "m2add": "",
            "prizegrades": [
                {
                    "type": 1,
                    "typenum": "5",
                    "typemoney": "8270886"
                },
                {
                    "type": 2,
                    "typenum": "91",
                    "typemoney": "224648"
                },
                {
                    "type": 3,
                    "typenum": "1412",
                    "typemoney": "3000"
                },
                {
                    "type": 4,
                    "typenum": "71586",
                    "typemoney": "200"
                },
                {
                    "type": 5,
                    "typenum": "1328818",
                    "typemoney": "10"
                },
                {
                    "type": 6,
                    "typenum": "9443047",
                    "typemoney": "5"
                },
                {
                    "type": 7,
                    "typenum": "",
                    "typemoney": ""
                }
            ]
        },
        {
            "name": "双色球",
            "code": "2019081",
            "detailsLink": "/c/2019/07/14/455430.shtml",
            "videoLink": "/c/2019/07/14/455429.shtml",
            "date": "2019-07-14(日)",
            "week": "日",
            "red": "05,24,27,29,31,32",
            "blue": "10",
            "blue2": "",
            "sales": "359862504",
            "poolmoney": "907395563",
            "content": "江苏1注,山东1注,重庆1注,广东2注,共5注。",
            "addmoney": "",
            "addmoney2": "",
            "msg": "",
            "z2add": "",
            "m2add": "",
            "prizegrades": [
                {
                    "type": 1,
                    "typenum": "5",
                    "typemoney": "8910511"
                },
                {
                    "type": 2,
                    "typenum": "58",
                    "typemoney": "421391"
                },
                {
                    "type": 3,
                    "typenum": "877",
                    "typemoney": "3000"
                },
                {
                    "type": 4,
                    "typenum": "45047",
                    "typemoney": "200"
                },
                {
                    "type": 5,
                    "typenum": "971926",
                    "typemoney": "10"
                },
                {
                    "type": 6,
                    "typenum": "11442036",
                    "typemoney": "5"
                },
                {
                    "type": 7,
                    "typenum": "",
                    "typemoney": ""
                }
            ]
        },
        {
            "name": "双色球",
            "code": "2019080",
            "detailsLink": "/c/2019/07/11/455317.shtml",
            "videoLink": "/c/2019/07/11/455316.shtml",
            "date": "2019-07-11(四)",
            "week": "四",
            "red": "03,06,08,20,24,32",
            "blue": "07",
            "blue2": "",
            "sales": "333601616",
            "poolmoney": "878626031",
            "content": "河北2注,辽宁1注,浙江1注,安徽1注,山东1注,深圳1注,共7注。",
            "addmoney": "",
            "addmoney2": "",
            "msg": "",
            "z2add": "",
            "m2add": "",
            "prizegrades": [
                {
                    "type": 1,
                    "typenum": "7",
                    "typemoney": "6502641"
                },
                {
                    "type": 2,
                    "typenum": "80",
                    "typemoney": "164351"
                },
                {
                    "type": 3,
                    "typenum": "1399",
                    "typemoney": "3000"
                },
                {
                    "type": 4,
                    "typenum": "80926",
                    "typemoney": "200"
                },
                {
                    "type": 5,
                    "typenum": "1423007",
                    "typemoney": "10"
                },
                {
                    "type": 6,
                    "typenum": "15252015",
                    "typemoney": "5"
                },
                {
                    "type": 7,
                    "typenum": "",
                    "typemoney": ""
                }
            ]
        },
        {
            "name": "双色球",
            "code": "2019079",
            "detailsLink": "/c/2019/07/09/455307.shtml",
            "videoLink": "/c/2019/07/09/455306.shtml",
            "date": "2019-07-09(二)",
            "week": "二",
            "red": "01,03,06,09,19,31",
            "blue": "16",
            "blue2": "",
            "sales": "324952306",
            "poolmoney": "884700186",
            "content": "上海10注,江苏1注,福建1注,江西1注,山东1注,四川1注,共15注。",
            "addmoney": "",
            "addmoney2": "",
            "msg": "",
            "z2add": "",
            "m2add": "",
            "prizegrades": [
                {
                    "type": 1,
                    "typenum": "15",
                    "typemoney": "6163816"
                },
                {
                    "type": 2,
                    "typenum": "156",
                    "typemoney": "139881"
                },
                {
                    "type": 3,
                    "typenum": "1634",
                    "typemoney": "3000"
                },
                {
                    "type": 4,
                    "typenum": "72099",
                    "typemoney": "200"
                },
                {
                    "type": 5,
                    "typenum": "1197361",
                    "typemoney": "10"
                },
                {
                    "type": 6,
                    "typenum": "8128996",
                    "typemoney": "5"
                },
                {
                    "type": 7,
                    "typenum": "",
                    "typemoney": ""
                }
            ]
        },
        {
            "name": "双色球",
            "code": "2019078",
            "detailsLink": "/c/2019/07/07/455197.shtml",
            "videoLink": "/c/2019/07/07/455196.shtml",
            "date": "2019-07-07(日)",
            "week": "日",
            "red": "01,17,27,29,31,33",
            "blue": "12",
            "blue2": "",
            "sales": "358699764",
            "poolmoney": "911692755",
            "content": "北京1注,黑龙江1注,江苏6注,浙江1注,山东1注,广东2注,云南2注,共14注。",
            "addmoney": "",
            "addmoney2": "",
            "msg": "",
            "z2add": "",
            "m2add": "",
            "prizegrades": [
                {
                    "type": 1,
                    "typenum": "14",
                    "typemoney": "6369078"
                },
                {
                    "type": 2,
                    "typenum": "199",
                    "typemoney": "120396"
                },
                {
                    "type": 3,
                    "typenum": "1248",
                    "typemoney": "3000"
                },
                {
                    "type": 4,
                    "typenum": "62854",
                    "typemoney": "200"
                },
                {
                    "type": 5,
                    "typenum": "1185214",
                    "typemoney": "10"
                },
                {
                    "type": 6,
                    "typenum": "10352093",
                    "typemoney": "5"
                },
                {
                    "type": 7,
                    "typenum": "",
                    "typemoney": ""
                }
            ]
        },
        {
            "name": "双色球",
            "code": "2019077",
            "detailsLink": "/c/2019/07/04/455184.shtml",
            "videoLink": "/c/2019/07/04/455183.shtml",
            "date": "2019-07-04(四)",
            "week": "四",
            "red": "09,11,13,18,21,22",
            "blue": "15",
            "blue2": "",
            "sales": "331156004",
            "poolmoney": "928983242",
            "content": "浙江1注,共1注。",
            "addmoney": "",
            "addmoney2": "",
            "msg": "",
            "z2add": "",
            "m2add": "",
            "prizegrades": [
                {
                    "type": 1,
                    "typenum": "1",
                    "typemoney": "10000000"
                },
                {
                    "type": 2,
                    "typenum": "118",
                    "typemoney": "221011"
                },
                {
                    "type": 3,
                    "typenum": "921",
                    "typemoney": "3000"
                },
                {
                    "type": 4,
                    "typenum": "55739",
                    "typemoney": "200"
                },
                {
                    "type": 5,
                    "typenum": "1161051",
                    "typemoney": "10"
                },
                {
                    "type": 6,
                    "typenum": "6485539",
                    "typemoney": "5"
                },
                {
                    "type": 7,
                    "typenum": "",
                    "typemoney": ""
                }
            ]
        },
        {
            "name": "双色球",
            "code": "2019076",
            "detailsLink": "/c/2019/07/02/455074.shtml",
            "videoLink": "/c/2019/07/02/455073.shtml",
            "date": "2019-07-02(二)",
            "week": "二",
            "red": "12,15,19,20,29,32",
            "blue": "14",
            "blue2": "",
            "sales": "327737064",
            "poolmoney": "860745165",
            "content": "四川1注,深圳3注,共4注。",
            "addmoney": "",
            "addmoney2": "",
            "msg": "",
            "z2add": "",
            "m2add": "",
            "prizegrades": [
                {
                    "type": 1,
                    "typenum": "4",
                    "typemoney": "10000000"
                },
                {
                    "type": 2,
                    "typenum": "84",
                    "typemoney": "299030"
                },
                {
                    "type": 3,
                    "typenum": "887",
                    "typemoney": "3000"
                },
                {
                    "type": 4,
                    "typenum": "46766",
                    "typemoney": "200"
                },
                {
                    "type": 5,
                    "typenum": "981791",
                    "typemoney": "10"
                },
                {
                    "type": 6,
                    "typenum": "7656989",
                    "typemoney": "5"
                },
                {
                    "type": 7,
                    "typenum": "",
                    "typemoney": ""
                }
            ]
        },
        {
            "name": "双色球",
            "code": "2019075",
            "detailsLink": "/c/2019/06/30/454864.shtml",
            "videoLink": "/c/2019/06/30/454863.shtml",
            "date": "2019-06-30(日)",
            "week": "日",
            "red": "05,08,20,22,31,33",
            "blue": "03",
            "blue2": "",
            "sales": "356452390",
            "poolmoney": "825389586",
            "content": "福建1注,广东1注,共2注。",
            "addmoney": "",
            "addmoney2": "",
            "msg": "",
            "z2add": "",
            "m2add": "",
            "prizegrades": [
                {
                    "type": 1,
                    "typenum": "2",
                    "typemoney": "10000000"
                },
                {
                    "type": 2,
                    "typenum": "69",
                    "typemoney": "329031"
                },
                {
                    "type": 3,
                    "typenum": "983",
                    "typemoney": "3000"
                },
                {
                    "type": 4,
                    "typenum": "57414",
                    "typemoney": "200"
                },
                {
                    "type": 5,
                    "typenum": "1168124",
                    "typemoney": "10"
                },
                {
                    "type": 6,
                    "typenum": "11547164",
                    "typemoney": "5"
                },
                {
                    "type": 7,
                    "typenum": "",
                    "typemoney": ""
                }
            ]
        },
        {
            "name": "双色球",
            "code": "2019074",
            "detailsLink": "/c/2019/06/27/454751.shtml",
            "videoLink": "/c/2019/06/27/454750.shtml",
            "date": "2019-06-27(四)",
            "week": "四",
            "red": "12,21,27,29,31,33",
            "blue": "04",
            "blue2": "",
            "sales": "339313032",
            "poolmoney": "777279978",
            "content": "河北1注,上海1注,安徽1注,陕西1注,共4注。",
            "addmoney": "",
            "addmoney2": "",
            "msg": "",
            "z2add": "",
            "m2add": "",
            "prizegrades": [
                {
                    "type": 1,
                    "typenum": "4",
                    "typemoney": "10000000"
                },
                {
                    "type": 2,
                    "typenum": "51",
                    "typemoney": "558701"
                },
                {
                    "type": 3,
                    "typenum": "681",
                    "typemoney": "3000"
                },
                {
                    "type": 4,
                    "typenum": "36557",
                    "typemoney": "200"
                },
                {
                    "type": 5,
                    "typenum": "803399",
                    "typemoney": "10"
                },
                {
                    "type": 6,
                    "typenum": "6979963",
                    "typemoney": "5"
                },
                {
                    "type": 7,
                    "typenum": "",
                    "typemoney": ""
                }
            ]
        },
        {
            "name": "双色球",
            "code": "2019073",
            "detailsLink": "/c/2019/06/25/454641.shtml",
            "videoLink": "/c/2019/06/25/454640.shtml",
            "date": "2019-06-25(二)",
            "week": "二",
            "red": "01,02,06,12,16,18",
            "blue": "08",
            "blue2": "",
            "sales": "334373706",
            "poolmoney": "731798593",
            "content": "河北2注,山西1注,内蒙古1注,江苏1注,山东1注,重庆2注,河南1注,湖北1注,广西3注,贵州1注,陕西1注,深圳2注,共17注。",
            "addmoney": "",
            "addmoney2": "",
            "msg": "",
            "z2add": "",
            "m2add": "",
            "prizegrades": [
                {
                    "type": 1,
                    "typenum": "17",
                    "typemoney": "5684254"
                },
                {
                    "type": 2,
                    "typenum": "146",
                    "typemoney": "99591"
                },
                {
                    "type": 3,
                    "typenum": "2082",
                    "typemoney": "3000"
                },
                {
                    "type": 4,
                    "typenum": "86209",
                    "typemoney": "200"
                },
                {
                    "type": 5,
                    "typenum": "1407233",
                    "typemoney": "10"
                },
                {
                    "type": 6,
                    "typenum": "13624268",
                    "typemoney": "5"
                },
                {
                    "type": 7,
                    "typenum": "",
                    "typemoney": ""
                }
            ]
        },
        {
            "name": "双色球",
            "code": "2019072",
            "detailsLink": "/c/2019/06/23/454431.shtml",
            "videoLink": "/c/2019/06/23/454430.shtml",
            "date": "2019-06-23(日)",
            "week": "日",
            "red": "02,09,13,15,22,30",
            "blue": "15",
            "blue2": "",
            "sales": "366310328",
            "poolmoney": "784809688",
            "content": "河北1注,浙江1注,江西2注,山东1注,湖南3注,广东1注,深圳1注,共10注。",
            "addmoney": "",
            "addmoney2": "",
            "msg": "",
            "z2add": "",
            "m2add": "",
            "prizegrades": [
                {
                    "type": 1,
                    "typenum": "10",
                    "typemoney": "6995170"
                },
                {
                    "type": 2,
                    "typenum": "155",
                    "typemoney": "160900"
                },
                {
                    "type": 3,
                    "typenum": "1666",
                    "typemoney": "3000"
                },
                {
                    "type": 4,
                    "typenum": "80447",
                    "typemoney": "200"
                },
                {
                    "type": 5,
                    "typenum": "1454142",
                    "typemoney": "10"
                },
                {
                    "type": 6,
                    "typenum": "8820940",
                    "typemoney": "5"
                },
                {
                    "type": 7,
                    "typenum": "",
                    "typemoney": ""
                }
            ]
        },
        {
            "name": "双色球",
            "code": "2019071",
            "detailsLink": "/c/2019/06/20/454318.shtml",
            "videoLink": "/c/2019/06/20/454317.shtml",
            "date": "2019-06-20(四)",
            "week": "四",
            "red": "01,08,19,24,29,30",
            "blue": "04",
            "blue2": "",
            "sales": "338921834",
            "poolmoney": "779942491",
            "content": "山西1注,上海1注,浙江4注,重庆3注,河南5注,湖北1注,广西2注,四川4注,贵州1注,共22注。",
            "addmoney": "",
            "addmoney2": "",
            "msg": "",
            "z2add": "",
            "m2add": "",
            "prizegrades": [
                {
                    "type": 1,
                    "typenum": "22",
                    "typemoney": "5832271"
                },
                {
                    "type": 2,
                    "typenum": "371",
                    "typemoney": "61691"
                },
                {
                    "type": 3,
                    "typenum": "1909",
                    "typemoney": "3000"
                },
                {
                    "type": 4,
                    "typenum": "77740",
                    "typemoney": "200"
                },
                {
                    "type": 5,
                    "typenum": "1214971",
                    "typemoney": "10"
                },
                {
                    "type": 6,
                    "typenum": "8219418",
                    "typemoney": "5"
                },
                {
                    "type": 7,
                    "typenum": "",
                    "typemoney": ""
                }
            ]
        },
        {
            "name": "双色球",
            "code": "2019070",
            "detailsLink": "/c/2019/06/18/454208.shtml",
            "videoLink": "/c/2019/06/18/454207.shtml",
            "date": "2019-06-18(二)",
            "week": "二",
            "red": "06,15,18,19,24,32",
            "blue": "09",
            "blue2": "",
            "sales": "335727814",
            "poolmoney": "839590047",
            "content": "浙江1注,重庆1注,四川1注,共3注。",
            "addmoney": "",
            "addmoney2": "",
            "msg": "",
            "z2add": "",
            "m2add": "",
            "prizegrades": [
                {
                    "type": 1,
                    "typenum": "3",
                    "typemoney": "10000000"
                },
                {
                    "type": 2,
                    "typenum": "103",
                    "typemoney": "182464"
                },
                {
                    "type": 3,
                    "typenum": "1352",
                    "typemoney": "3000"
                },
                {
                    "type": 4,
                    "typenum": "71266",
                    "typemoney": "200"
                },
                {
                    "type": 5,
                    "typenum": "1271212",
                    "typemoney": "10"
                },
                {
                    "type": 6,
                    "typenum": "11661949",
                    "typemoney": "5"
                },
                {
                    "type": 7,
                    "typenum": "",
                    "typemoney": ""
                }
            ]
        },
        {
            "name": "双色球",
            "code": "2019069",
            "detailsLink": "/c/2019/06/16/454197.shtml",
            "videoLink": "/c/2019/06/16/454196.shtml",
            "date": "2019-06-16(日)",
            "week": "日",
            "red": "06,11,16,19,21,25",
            "blue": "01",
            "blue2": "",
            "sales": "370103190",
            "poolmoney": "813208375",
            "content": "辽宁1注,浙江1注,福建1注,江西1注,湖北1注,广东1注,四川1注,云南1注,共8注。",
            "addmoney": "",
            "addmoney2": "",
            "msg": "",
            "z2add": "",
            "m2add": "",
            "prizegrades": [
                {
                    "type": 1,
                    "typenum": "8",
                    "typemoney": "7285184"
                },
                {
                    "type": 2,
                    "typenum": "226",
                    "typemoney": "101114"
                },
                {
                    "type": 3,
                    "typenum": "1642",
                    "typemoney": "3000"
                },
                {
                    "type": 4,
                    "typenum": "87880",
                    "typemoney": "200"
                },
                {
                    "type": 5,
                    "typenum": "1535319",
                    "typemoney": "10"
                },
                {
                    "type": 6,
                    "typenum": "10417598",
                    "typemoney": "5"
                },
                {
                    "type": 7,
                    "typenum": "",
                    "typemoney": ""
                }
            ]
        },
        {
            "name": "双色球",
            "code": "2019068",
            "detailsLink": "/c/2019/06/13/454184.shtml",
            "videoLink": "/c/2019/06/13/454183.shtml",
            "date": "2019-06-13(四)",
            "week": "四",
            "red": "03,14,20,24,26,33",
            "blue": "10",
            "blue2": "",
            "sales": "331635522",
            "poolmoney": "802934315",
            "content": "山西1注,黑龙江1注,广东2注,四川1注,甘肃1注,共6注。",
            "addmoney": "",
            "addmoney2": "",
            "msg": "",
            "z2add": "",
            "m2add": "",
            "prizegrades": [
                {
                    "type": 1,
                    "typenum": "6",
                    "typemoney": "8093762"
                },
                {
                    "type": 2,
                    "typenum": "64",
                    "typemoney": "362550"
                },
                {
                    "type": 3,
                    "typenum": "853",
                    "typemoney": "3000"
                },
                {
                    "type": 4,
                    "typenum": "46806",
                    "typemoney": "200"
                },
                {
                    "type": 5,
                    "typenum": "937858",
                    "typemoney": "10"
                },
                {
                    "type": 6,
                    "typenum": "9677948",
                    "typemoney": "5"
                },
                {
                    "type": 7,
                    "typenum": "",
                    "typemoney": ""
                }
            ]
        },
        {
            "name": "双色球",
            "code": "2019067",
            "detailsLink": "/c/2019/06/11/454074.shtml",
            "videoLink": "/c/2019/06/11/454073.shtml",
            "date": "2019-06-11(二)",
            "week": "二",
            "red": "04,06,08,11,30,33",
            "blue": "11",
            "blue2": "",
            "sales": "330381956",
            "poolmoney": "781887228",
            "content": "北京1注,辽宁1注,江苏2注,湖南1注,共5注。",
            "addmoney": "",
            "addmoney2": "",
            "msg": "",
            "z2add": "",
            "m2add": "",
            "prizegrades": [
                {
                    "type": 1,
                    "typenum": "5",
                    "typemoney": "7973990"
                },
                {
                    "type": 2,
                    "typenum": "110",
                    "typemoney": "168976"
                },
                {
                    "type": 3,
                    "typenum": "1249",
                    "typemoney": "3000"
                },
                {
                    "type": 4,
                    "typenum": "63942",
                    "typemoney": "200"
                },
                {
                    "type": 5,
                    "typenum": "1185283",
                    "typemoney": "10"
                },
                {
                    "type": 6,
                    "typenum": "11829831",
                    "typemoney": "5"
                },
                {
                    "type": 7,
                    "typenum": "",
                    "typemoney": ""
                }
            ]
        },
        {
            "name": "双色球",
            "code": "2019066",
            "detailsLink": "/c/2019/06/09/453864.shtml",
            "videoLink": "/c/2019/06/09/453863.shtml",
            "date": "2019-06-09(日)",
            "week": "日",
            "red": "01,14,17,20,22,32",
            "blue": "04",
            "blue2": "",
            "sales": "354505682",
            "poolmoney": "765994853",
            "content": "内蒙古1注,山东1注,河南2注,广西1注,云南1注,共6注。",
            "addmoney": "",
            "addmoney2": "",
            "msg": "",
            "z2add": "",
            "m2add": "",
            "prizegrades": [
                {
                    "type": 1,
                    "typenum": "6",
                    "typemoney": "8522847"
                },
                {
                    "type": 2,
                    "typenum": "86",
                    "typemoney": "307225"
                },
                {
                    "type": 3,
                    "typenum": "977",
                    "typemoney": "3000"
                },
                {
                    "type": 4,
                    "typenum": "47329",
                    "typemoney": "200"
                },
                {
                    "type": 5,
                    "typenum": "945495",
                    "typemoney": "10"
                },
                {
                    "type": 6,
                    "typenum": "9234119",
                    "typemoney": "5"
                },
                {
                    "type": 7,
                    "typenum": "",
                    "typemoney": ""
                }
            ]
        },
        {
            "name": "双色球",
            "code": "2019065",
            "detailsLink": "/c/2019/06/06/453851.shtml",
            "videoLink": "/c/2019/06/06/453850.shtml",
            "date": "2019-06-06(四)",
            "week": "四",
            "red": "06,09,11,15,20,26",
            "blue": "10",
            "blue2": "",
            "sales": "327400036",
            "poolmoney": "737867862",
            "content": "北京2注,河北1注,辽宁1注,江苏1注,湖北1注,贵州1注,云南2注,深圳1注,共10注。",
            "addmoney": "",
            "addmoney2": "",
            "msg": "",
            "z2add": "",
            "m2add": "",
            "prizegrades": [
                {
                    "type": 1,
                    "typenum": "10",
                    "typemoney": "6616248"
                },
                {
                    "type": 2,
                    "typenum": "317",
                    "typemoney": "63732"
                },
                {
                    "type": 3,
                    "typenum": "1803",
                    "typemoney": "3000"
                },
                {
                    "type": 4,
                    "typenum": "88849",
                    "typemoney": "200"
                },
                {
                    "type": 5,
                    "typenum": "1517001",
                    "typemoney": "10"
                },
                {
                    "type": 6,
                    "typenum": "8252954",
                    "typemoney": "5"
                },
                {
                    "type": 7,
                    "typenum": "",
                    "typemoney": ""
                }
            ]
        },
        {
            "name": "双色球",
            "code": "2019064",
            "detailsLink": "/c/2019/06/04/453841.shtml",
            "videoLink": "/c/2019/06/04/453840.shtml",
            "date": "2019-06-04(二)",
            "week": "二",
            "red": "12,20,24,25,30,33",
            "blue": "12",
            "blue2": "",
            "sales": "331639006",
            "poolmoney": "743421022",
            "content": "上海1注,浙江1注,广西1注,贵州1注,共4注。",
            "addmoney": "",
            "addmoney2": "",
            "msg": "",
            "z2add": "",
            "m2add": "",
            "prizegrades": [
                {
                    "type": 1,
                    "typenum": "4",
                    "typemoney": "9064360"
                },
                {
                    "type": 2,
                    "typenum": "92",
                    "typemoney": "220889"
                },
                {
                    "type": 3,
                    "typenum": "1028",
                    "typemoney": "3000"
                },
                {
                    "type": 4,
                    "typenum": "61462",
                    "typemoney": "200"
                },
                {
                    "type": 5,
                    "typenum": "1216263",
                    "typemoney": "10"
                },
                {
                    "type": 6,
                    "typenum": "10735376",
                    "typemoney": "5"
                },
                {
                    "type": 7,
                    "typenum": "",
                    "typemoney": ""
                }
            ]
        },
        {
            "name": "双色球",
            "code": "2019063",
            "detailsLink": "/c/2019/06/02/453731.shtml",
            "videoLink": "/c/2019/06/02/453730.shtml",
            "date": "2019-06-02(日)",
            "week": "日",
            "red": "01,14,19,22,29,31",
            "blue": "16",
            "blue2": "",
            "sales": "361222550",
            "poolmoney": "718713061",
            "content": "黑龙江1注,河南1注,湖北2注,海南1注,共5注。",
            "addmoney": "",
            "addmoney2": "",
            "msg": "",
            "z2add": "",
            "m2add": "",
            "prizegrades": [
                {
                    "type": 1,
                    "typenum": "5",
                    "typemoney": "9289366"
                },
                {
                    "type": 2,
                    "typenum": "91",
                    "typemoney": "294599"
                },
                {
                    "type": 3,
                    "typenum": "1005",
                    "typemoney": "3000"
                },
                {
                    "type": 4,
                    "typenum": "56213",
                    "typemoney": "200"
                },
                {
                    "type": 5,
                    "typenum": "1145392",
                    "typemoney": "10"
                },
                {
                    "type": 6,
                    "typenum": "8810675",
                    "typemoney": "5"
                },
                {
                    "type": 7,
                    "typenum": "",
                    "typemoney": ""
                }
            ]
        },
        {
            "name": "双色球",
            "code": "2019062",
            "detailsLink": "/c/2019/05/30/453718.shtml",
            "videoLink": "/c/2019/05/30/453717.shtml",
            "date": "2019-05-30(四)",
            "week": "四",
            "red": "07,13,16,23,26,30",
            "blue": "01",
            "blue2": "",
            "sales": "339468976",
            "poolmoney": "684734277",
            "content": "上海1注,江苏3注,浙江1注,湖北1注,新疆1注,共7注。",
            "addmoney": "",
            "addmoney2": "",
            "msg": "",
            "z2add": "",
            "m2add": "",
            "prizegrades": [
                {
                    "type": 1,
                    "typenum": "7",
                    "typemoney": "8340699"
                },
                {
                    "type": 2,
                    "typenum": "161",
                    "typemoney": "181559"
                },
                {
                    "type": 3,
                    "typenum": "675",
                    "typemoney": "3000"
                },
                {
                    "type": 4,
                    "typenum": "47411",
                    "typemoney": "200"
                },
                {
                    "type": 5,
                    "typenum": "1055744",
                    "typemoney": "10"
                },
                {
                    "type": 6,
                    "typenum": "5470135",
                    "typemoney": "5"
                },
                {
                    "type": 7,
                    "typenum": "",
                    "typemoney": ""
                }
            ]
        },
        {
            "name": "双色球",
            "code": "2019061",
            "detailsLink": "/c/2019/05/28/453508.shtml",
            "videoLink": "/c/2019/05/28/453507.shtml",
            "date": "2019-05-28(二)",
            "week": "二",
            "red": "03,17,19,24,27,31",
            "blue": "12",
            "blue2": "",
            "sales": "335296666",
            "poolmoney": "655425812",
            "content": "北京1注,安徽1注,重庆2注,四川1注,陕西1注,共6注。",
            "addmoney": "",
            "addmoney2": "",
            "msg": "",
            "z2add": "",
            "m2add": "",
            "prizegrades": [
                {
                    "type": 1,
                    "typenum": "6",
                    "typemoney": "8443688"
                },
                {
                    "type": 2,
                    "typenum": "80",
                    "typemoney": "322845"
                },
                {
                    "type": 3,
                    "typenum": "841",
                    "typemoney": "3000"
                },
                {
                    "type": 4,
                    "typenum": "47553",
                    "typemoney": "200"
                },
                {
                    "type": 5,
                    "typenum": "965087",
                    "typemoney": "10"
                },
                {
                    "type": 6,
                    "typenum": "7860046",
                    "typemoney": "5"
                },
                {
                    "type": 7,
                    "typenum": "",
                    "typemoney": ""
                }
            ]
        },
        {
            "name": "双色球",
            "code": "2019060",
            "detailsLink": "/c/2019/05/26/453398.shtml",
            "videoLink": "/c/2019/05/26/453397.shtml",
            "date": "2019-05-26(日)",
            "week": "日",
            "red": "03,04,14,20,23,27",
            "blue": "01",
            "blue2": "",
            "sales": "367103342",
            "poolmoney": "628604946",
            "content": "河南1注,广东1注,共2注。",
            "addmoney": "",
            "addmoney2": "",
            "msg": "",
            "z2add": "",
            "m2add": "",
            "prizegrades": [
                {
                    "type": 1,
                    "typenum": "2",
                    "typemoney": "10000000"
                },
                {
                    "type": 2,
                    "typenum": "118",
                    "typemoney": "246389"
                },
                {
                    "type": 3,
                    "typenum": "994",
                    "typemoney": "3000"
                },
                {
                    "type": 4,
                    "typenum": "55657",
                    "typemoney": "200"
                },
                {
                    "type": 5,
                    "typenum": "1125191",
                    "typemoney": "10"
                },
                {
                    "type": 6,
                    "typenum": "7643924",
                    "typemoney": "5"
                },
                {
                    "type": 7,
                    "typenum": "",
                    "typemoney": ""
                }
            ]
        },
        {
            "name": "双色球",
            "code": "2019059",
            "detailsLink": "/c/2019/05/23/453385.shtml",
            "videoLink": "/c/2019/05/23/453384.shtml",
            "date": "2019-05-23(四)",
            "week": "四",
            "red": "04,05,07,09,16,18",
            "blue": "06",
            "blue2": "",
            "sales": "345567246",
            "poolmoney": "561383166",
            "content": "湖北1注,广西1注,共2注。",
            "addmoney": "",
            "addmoney2": "",
            "msg": "",
            "z2add": "",
            "m2add": "",
            "prizegrades": [
                {
                    "type": 1,
                    "typenum": "2",
                    "typemoney": "10000000"
                },
                {
                    "type": 2,
                    "typenum": "125",
                    "typemoney": "162165"
                },
                {
                    "type": 3,
                    "typenum": "1542",
                    "typemoney": "3000"
                },
                {
                    "type": 4,
                    "typenum": "75876",
                    "typemoney": "200"
                },
                {
                    "type": 5,
                    "typenum": "1380983",
                    "typemoney": "10"
                },
                {
                    "type": 6,
                    "typenum": "10926874",
                    "typemoney": "5"
                },
                {
                    "type": 7,
                    "typenum": "",
                    "typemoney": ""
                }
            ]
        },
        {
            "name": "双色球",
            "code": "2019058",
            "detailsLink": "/c/2019/05/21/453275.shtml",
            "videoLink": "/c/2019/05/21/453274.shtml",
            "date": "2019-05-21(二)",
            "week": "二",
            "red": "07,08,12,21,23,27",
            "blue": "12",
            "blue2": "",
            "sales": "339299672",
            "poolmoney": "520571254",
            "content": "河北1注,黑龙江1注,上海1注,江苏4注,浙江1注,安徽2注,福建3注,山东1注,湖北1注,广东1注,广西1注,四川1注,云南1注,陕西1注,共20注。",
            "addmoney": "",
            "addmoney2": "",
            "msg": "",
            "z2add": "",
            "m2add": "",
            "prizegrades": [
                {
                    "type": 1,
                    "typenum": "20",
                    "typemoney": "5260714"
                },
                {
                    "type": 2,
                    "typenum": "127",
                    "typemoney": "51321"
                },
                {
                    "type": 3,
                    "typenum": "3726",
                    "typemoney": "3000"
                },
                {
                    "type": 4,
                    "typenum": "152257",
                    "typemoney": "200"
                },
                {
                    "type": 5,
                    "typenum": "2179068",
                    "typemoney": "10"
                },
                {
                    "type": 6,
                    "typenum": "15353055",
                    "typemoney": "5"
                },
                {
                    "type": 7,
                    "typenum": "",
                    "typemoney": ""
                }
            ]
        },
        {
            "name": "双色球",
            "code": "2019057",
            "detailsLink": "/c/2019/05/19/452965.shtml",
            "videoLink": "/c/2019/05/19/452964.shtml",
            "date": "2019-05-19(日)",
            "week": "日",
            "red": "04,05,06,08,13,18",
            "blue": "16",
            "blue2": "",
            "sales": "372560948",
            "poolmoney": "606231938",
            "content": "黑龙江2注,上海1注,湖南1注,四川1注,陕西1注,深圳1注,共7注。",
            "addmoney": "",
            "addmoney2": "",
            "msg": "",
            "z2add": "",
            "m2add": "",
            "prizegrades": [
                {
                    "type": 1,
                    "typenum": "7",
                    "typemoney": "8216242"
                },
                {
                    "type": 2,
                    "typenum": "127",
                    "typemoney": "221591"
                },
                {
                    "type": 3,
                    "typenum": "1311",
                    "typemoney": "3000"
                },
                {
                    "type": 4,
                    "typenum": "74663",
                    "typemoney": "200"
                },
                {
                    "type": 5,
                    "typenum": "1509549",
                    "typemoney": "10"
                },
                {
                    "type": 6,
                    "typenum": "7205057",
                    "typemoney": "5"
                },
                {
                    "type": 7,
                    "typenum": "",
                    "typemoney": ""
                }
            ]
        },
        {
            "name": "双色球",
            "code": "2019056",
            "detailsLink": "/c/2019/05/16/452952.shtml",
            "videoLink": "/c/2019/05/16/452951.shtml",
            "date": "2019-05-16(四)",
            "week": "四",
            "red": "13,14,17,19,21,29",
            "blue": "01",
            "blue2": "",
            "sales": "351267630",
            "poolmoney": "579319269",
            "content": "江西1注,共1注。",
            "addmoney": "",
            "addmoney2": "",
            "msg": "",
            "z2add": "",
            "m2add": "",
            "prizegrades": [
                {
                    "type": 1,
                    "typenum": "1",
                    "typemoney": "10000000"
                },
                {
                    "type": 2,
                    "typenum": "78",
                    "typemoney": "245905"
                },
                {
                    "type": 3,
                    "typenum": "1528",
                    "typemoney": "3000"
                },
                {
                    "type": 4,
                    "typenum": "70105",
                    "typemoney": "200"
                },
                {
                    "type": 5,
                    "typenum": "1287687",
                    "typemoney": "10"
                },
                {
                    "type": 6,
                    "typenum": "12783341",
                    "typemoney": "5"
                },
                {
                    "type": 7,
                    "typenum": "",
                    "typemoney": ""
                }
            ]
        },
        {
            "name": "双色球",
            "code": "2019055",
            "detailsLink": "/c/2019/05/14/452842.shtml",
            "videoLink": "/c/2019/05/14/452841.shtml",
            "date": "2019-05-14(二)",
            "week": "二",
            "red": "01,06,11,15,19,31",
            "blue": "10",
            "blue2": "",
            "sales": "350070872",
            "poolmoney": "531777347",
            "content": "河南1注,广东1注,共2注。",
            "addmoney": "",
            "addmoney2": "",
            "msg": "",
            "z2add": "",
            "m2add": "",
            "prizegrades": [
                {
                    "type": 1,
                    "typenum": "2",
                    "typemoney": "10000000"
                },
                {
                    "type": 2,
                    "typenum": "61",
                    "typemoney": "368485"
                },
                {
                    "type": 3,
                    "typenum": "1097",
                    "typemoney": "3000"
                },
                {
                    "type": 4,
                    "typenum": "57238",
                    "typemoney": "200"
                },
                {
                    "type": 5,
                    "typenum": "1100504",
                    "typemoney": "10"
                },
                {
                    "type": 6,
                    "typenum": "11176109",
                    "typemoney": "5"
                },
                {
                    "type": 7,
                    "typenum": "",
                    "typemoney": ""
                }
            ]
        },
        {
            "name": "双色球",
            "code": "2019054",
            "detailsLink": "/c/2019/05/12/452732.shtml",
            "videoLink": "/c/2019/05/12/452731.shtml",
            "date": "2019-05-12(日)",
            "week": "日",
            "red": "07,10,11,15,24,26",
            "blue": "11",
            "blue2": "",
            "sales": "376075414",
            "poolmoney": "484344441",
            "content": "北京1注,吉林1注,山东1注,湖北1注,湖南1注,广东1注,贵州2注,共8注。",
            "addmoney": "",
            "addmoney2": "",
            "msg": "",
            "z2add": "",
            "m2add": "",
            "prizegrades": [
                {
                    "type": 1,
                    "typenum": "8",
                    "typemoney": "6741103"
                },
                {
                    "type": 2,
                    "typenum": "132",
                    "typemoney": "131901"
                },
                {
                    "type": 3,
                    "typenum": "2374",
                    "typemoney": "3000"
                },
                {
                    "type": 4,
                    "typenum": "102249",
                    "typemoney": "200"
                },
                {
                    "type": 5,
                    "typenum": "1678737",
                    "typemoney": "10"
                },
                {
                    "type": 6,
                    "typenum": "14054725",
                    "typemoney": "5"
                },
                {
                    "type": 7,
                    "typenum": "",
                    "typemoney": ""
                }
            ]
        },
        {
            "name": "双色球",
            "code": "2019053",
            "detailsLink": "/c/2019/05/09/452619.shtml",
            "videoLink": "/c/2019/05/09/452618.shtml",
            "date": "2019-05-09(四)",
            "week": "四",
            "red": "04,16,22,25,29,31",
            "blue": "08",
            "blue2": "",
            "sales": "345533966",
            "poolmoney": "486040155",
            "content": "内蒙古1注,上海5注,江苏1注,湖北1注,四川4注,共12注。",
            "addmoney": "",
            "addmoney2": "",
            "msg": "",
            "z2add": "",
            "m2add": "",
            "prizegrades": [
                {
                    "type": 1,
                    "typenum": "12",
                    "typemoney": "5969643"
                },
                {
                    "type": 2,
                    "typenum": "109",
                    "typemoney": "133437"
                },
                {
                    "type": 3,
                    "typenum": "1869",
                    "typemoney": "3000"
                },
                {
                    "type": 4,
                    "typenum": "80695",
                    "typemoney": "200"
                },
                {
                    "type": 5,
                    "typenum": "1364875",
                    "typemoney": "10"
                },
                {
                    "type": 6,
                    "typenum": "15147656",
                    "typemoney": "5"
                },
                {
                    "type": 7,
                    "typenum": "",
                    "typemoney": ""
                }
            ]
        },
        {
            "name": "双色球",
            "code": "2019052",
            "detailsLink": "/c/2019/05/07/452509.shtml",
            "videoLink": "/c/2019/05/07/452508.shtml",
            "date": "2019-05-07(二)",
            "week": "二",
            "red": "03,06,09,13,16,19",
            "blue": "16",
            "blue2": "",
            "sales": "342251970",
            "poolmoney": "514041918",
            "content": "北京2注,天津12注,河北1注,山西3注,内蒙古2注,辽宁1注,黑龙江2注,上海5注,江苏3注,浙江26注,安徽3注,福建6注,江西3注,山东7注,重庆1注,河南5注,湖北23注,湖南3注,广东11注,广西1注,四川2注,贵州3注,云南7注,陕西16注,甘肃2注,深圳3注,共153注。",
            "addmoney": "",
            "addmoney2": "",
            "msg": "",
            "z2add": "",
            "m2add": "",
            "prizegrades": [
                {
                    "type": 1,
                    "typenum": "153",
                    "typemoney": "5117604"
                },
                {
                    "type": 2,
                    "typenum": "2295",
                    "typemoney": "9800"
                },
                {
                    "type": 3,
                    "typenum": "2162",
                    "typemoney": "3000"
                },
                {
                    "type": 4,
                    "typenum": "76077",
                    "typemoney": "200"
                },
                {
                    "type": 5,
                    "typenum": "1276540",
                    "typemoney": "10"
                },
                {
                    "type": 6,
                    "typenum": "8653774",
                    "typemoney": "5"
                },
                {
                    "type": 7,
                    "typenum": "",
                    "typemoney": ""
                }
            ]
        },
        {
            "name": "双色球",
            "code": "2019051",
            "detailsLink": "/c/2019/05/05/452398.shtml",
            "videoLink": "/c/2019/05/05/452399.shtml",
            "date": "2019-05-05(日)",
            "week": "日",
            "red": "08,09,10,13,15,28",
            "blue": "09",
            "blue2": "",
            "sales": "371316762",
            "poolmoney": "1229559631",
            "content": "山西1注,内蒙古1注,吉林1注,黑龙江1注,江苏1注,安徽1注,福建1注,重庆1注,河南1注,湖北1注,广东1注,西藏1注,新疆1注,共13注。",
            "addmoney": "",
            "addmoney2": "",
            "msg": "",
            "z2add": "",
            "m2add": "",
            "prizegrades": [
                {
                    "type": 1,
                    "typenum": "13",
                    "typemoney": "5503869"
                },
                {
                    "type": 2,
                    "typenum": "120",
                    "typemoney": "68232"
                },
                {
                    "type": 3,
                    "typenum": "3302",
                    "typemoney": "3000"
                },
                {
                    "type": 4,
                    "typenum": "142819",
                    "typemoney": "200"
                },
                {
                    "type": 5,
                    "typenum": "2196456",
                    "typemoney": "10"
                },
                {
                    "type": 6,
                    "typenum": "17751864",
                    "typemoney": "5"
                },
                {
                    "type": 7,
                    "typenum": "",
                    "typemoney": ""
                }
            ]
        },
        {
            "name": "双色球",
            "code": "2019050",
            "detailsLink": "/c/2019/05/02/452286.shtml",
            "videoLink": "/c/2019/05/02/452285.shtml",
            "date": "2019-05-02(四)",
            "week": "四",
            "red": "04,06,10,11,21,23",
            "blue": "02",
            "blue2": "",
            "sales": "311858860",
            "poolmoney": "1276546288",
            "content": "辽宁1注,吉林1注,上海1注,安徽1注,河南1注,广东4注,云南1注,深圳3注,共13注。",
            "addmoney": "",
            "addmoney2": "",
            "msg": "",
            "z2add": "",
            "m2add": "",
            "prizegrades": [
                {
                    "type": 1,
                    "typenum": "13",
                    "typemoney": "6136790"
                },
                {
                    "type": 2,
                    "typenum": "100",
                    "typemoney": "184728"
                },
                {
                    "type": 3,
                    "typenum": "1227",
                    "typemoney": "3000"
                },
                {
                    "type": 4,
                    "typenum": "64622",
                    "typemoney": "200"
                },
                {
                    "type": 5,
                    "typenum": "1200423",
                    "typemoney": "10"
                },
                {
                    "type": 6,
                    "typenum": "10061963",
                    "typemoney": "5"
                },
                {
                    "type": 7,
                    "typenum": "",
                    "typemoney": ""
                }
            ]
        },
        {
            "name": "双色球",
            "code": "2019049",
            "detailsLink": "/c/2019/04/30/452276.shtml",
            "videoLink": "/c/2019/04/30/452275.shtml",
            "date": "2019-04-30(二)",
            "week": "二",
            "red": "03,10,13,22,23,28",
            "blue": "15",
            "blue2": "",
            "sales": "333775314",
            "poolmoney": "1300906020",
            "content": "北京1注,天津1注,黑龙江1注,浙江2注,河南2注,湖北1注,新疆1注,共9注。",
            "addmoney": "",
            "addmoney2": "",
            "msg": "",
            "z2add": "",
            "m2add": "",
            "prizegrades": [
                {
                    "type": 1,
                    "typenum": "9",
                    "typemoney": "6552485"
                },
                {
                    "type": 2,
                    "typenum": "205",
                    "typemoney": "85197"
                },
                {
                    "type": 3,
                    "typenum": "2854",
                    "typemoney": "3000"
                },
                {
                    "type": 4,
                    "typenum": "111093",
                    "typemoney": "200"
                },
                {
                    "type": 5,
                    "typenum": "1745138",
                    "typemoney": "10"
                },
                {
                    "type": 6,
                    "typenum": "9091215",
                    "typemoney": "5"
                },
                {
                    "type": 7,
                    "typenum": "",
                    "typemoney": ""
                }
            ]
        },
        {
            "name": "双色球",
            "code": "2019048",
            "detailsLink": "/c/2019/04/28/452166.shtml",
            "videoLink": "/c/2019/04/28/452165.shtml",
            "date": "2019-04-28(日)",
            "week": "日",
            "red": "03,07,10,12,18,29",
            "blue": "10",
            "blue2": "",
            "sales": "379210874",
            "poolmoney": "1307482004",
            "content": "河北1注,江苏3注,湖南1注,广东3注,共8注。",
            "addmoney": "",
            "addmoney2": "",
            "msg": "",
            "z2add": "",
            "m2add": "",
            "prizegrades": [
                {
                    "type": 1,
                    "typenum": "8",
                    "typemoney": "7251672"
                },
                {
                    "type": 2,
                    "typenum": "153",
                    "typemoney": "147168"
                },
                {
                    "type": 3,
                    "typenum": "2209",
                    "typemoney": "3000"
                },
                {
                    "type": 4,
                    "typenum": "101803",
                    "typemoney": "200"
                },
                {
                    "type": 5,
                    "typenum": "1730349",
                    "typemoney": "10"
                },
                {
                    "type": 6,
                    "typenum": "10291067",
                    "typemoney": "5"
                },
                {
                    "type": 7,
                    "typenum": "",
                    "typemoney": ""
                }
            ]
        },
        {
            "name": "双色球",
            "code": "2019047",
            "detailsLink": "/c/2019/04/25/452053.shtml",
            "videoLink": "/c/2019/04/25/452052.shtml",
            "date": "2019-04-25(四)",
            "week": "四",
            "red": "03,11,18,25,30,33",
            "blue": "14",
            "blue2": "",
            "sales": "349665886",
            "poolmoney": "1297945208",
            "content": "广东1注,共1注。",
            "addmoney": "",
            "addmoney2": "",
            "msg": "",
            "z2add": "",
            "m2add": "",
            "prizegrades": [
                {
                    "type": 1,
                    "typenum": "1",
                    "typemoney": "10000000"
                },
                {
                    "type": 2,
                    "typenum": "388",
                    "typemoney": "69165"
                },
                {
                    "type": 3,
                    "typenum": "909",
                    "typemoney": "3000"
                },
                {
                    "type": 4,
                    "typenum": "84327",
                    "typemoney": "200"
                },
                {
                    "type": 5,
                    "typenum": "1725198",
                    "typemoney": "10"
                },
                {
                    "type": 6,
                    "typenum": "5429364",
                    "typemoney": "5"
                },
                {
                    "type": 7,
                    "typenum": "",
                    "typemoney": ""
                }
            ]
        },
        {
            "name": "双色球",
            "code": "2019046",
            "detailsLink": "/c/2019/04/23/451943.shtml",
            "videoLink": "/c/2019/04/23/451942.shtml",
            "date": "2019-04-23(二)",
            "week": "二",
            "red": "02,12,16,22,25,32",
            "blue": "06",
            "blue2": "",
            "sales": "349236650",
            "poolmoney": "1227436396",
            "content": "天津1注,黑龙江1注,上海5注,浙江1注,山东1注,河南3注,湖北1注,广东2注,海南1注,新疆1注,共17注。",
            "addmoney": "",
            "addmoney2": "",
            "msg": "",
            "z2add": "",
            "m2add": "",
            "prizegrades": [
                {
                    "type": 1,
                    "typenum": "17",
                    "typemoney": "5847483"
                },
                {
                    "type": 2,
                    "typenum": "132",
                    "typemoney": "136431"
                },
                {
                    "type": 3,
                    "typenum": "2121",
                    "typemoney": "3000"
                },
                {
                    "type": 4,
                    "typenum": "81820",
                    "typemoney": "200"
                },
                {
                    "type": 5,
                    "typenum": "1392213",
                    "typemoney": "10"
                },
                {
                    "type": 6,
                    "typenum": "12488152",
                    "typemoney": "5"
                },
                {
                    "type": 7,
                    "typenum": "",
                    "typemoney": ""
                }
            ]
        },
        {
            "name": "双色球",
            "code": "2019045",
            "detailsLink": "/c/2019/04/21/451833.shtml",
            "videoLink": "/c/2019/04/21/451832.shtml",
            "date": "2019-04-21(日)",
            "week": "日",
            "red": "01,06,17,19,27,31",
            "blue": "14",
            "blue2": "",
            "sales": "380577960",
            "poolmoney": "1272816559",
            "content": "辽宁1注,江苏1注,广东3注,甘肃1注,深圳1注,共7注。",
            "addmoney": "",
            "addmoney2": "",
            "msg": "",
            "z2add": "",
            "m2add": "",
            "prizegrades": [
                {
                    "type": 1,
                    "typenum": "7",
                    "typemoney": "8172099"
                },
                {
                    "type": 2,
                    "typenum": "83",
                    "typemoney": "334408"
                },
                {
                    "type": 3,
                    "typenum": "836",
                    "typemoney": "3000"
                },
                {
                    "type": 4,
                    "typenum": "51802",
                    "typemoney": "200"
                },
                {
                    "type": 5,
                    "typenum": "1068768",
                    "typemoney": "10"
                },
                {
                    "type": 6,
                    "typenum": "10380725",
                    "typemoney": "5"
                },
                {
                    "type": 7,
                    "typenum": "",
                    "typemoney": ""
                }
            ]
        },
        {
            "name": "双色球",
            "code": "2019044",
            "detailsLink": "/c/2019/04/18/451820.shtml",
            "videoLink": "/c/2019/04/18/451819.shtml",
            "date": "2019-04-18(四)",
            "week": "四",
            "red": "06,14,16,17,23,29",
            "blue": "07",
            "blue2": "",
            "sales": "350579948",
            "poolmoney": "1246753637",
            "content": "天津1注,浙江4注,安徽1注,湖南1注,广东1注,广西1注,宁夏1注,深圳2注,共12注。",
            "addmoney": "",
            "addmoney2": "",
            "msg": "",
            "z2add": "",
            "m2add": "",
            "prizegrades": [
                {
                    "type": 1,
                    "typenum": "12",
                    "typemoney": "5956414"
                },
                {
                    "type": 2,
                    "typenum": "188",
                    "typemoney": "76309"
                },
                {
                    "type": 3,
                    "typenum": "2205",
                    "typemoney": "3000"
                },
                {
                    "type": 4,
                    "typenum": "95733",
                    "typemoney": "200"
                },
                {
                    "type": 5,
                    "typenum": "1552954",
                    "typemoney": "10"
                },
                {
                    "type": 6,
                    "typenum": "14621631",
                    "typemoney": "5"
                },
                {
                    "type": 7,
                    "typenum": "",
                    "typemoney": ""
                }
            ]
        },
        {
            "name": "双色球",
            "code": "2019043",
            "detailsLink": "/c/2019/04/16/451710.shtml",
            "videoLink": "/c/2019/04/16/451709.shtml",
            "date": "2019-04-16(二)",
            "week": "二",
            "red": "01,06,12,13,24,32",
            "blue": "13",
            "blue2": "",
            "sales": "345296562",
            "poolmoney": "1275191954",
            "content": "山东1注,湖北1注,共2注。",
            "addmoney": "",
            "addmoney2": "",
            "msg": "",
            "z2add": "",
            "m2add": "",
            "prizegrades": [
                {
                    "type": 1,
                    "typenum": "2",
                    "typemoney": "10000000"
                },
                {
                    "type": 2,
                    "typenum": "99",
                    "typemoney": "249954"
                },
                {
                    "type": 3,
                    "typenum": "1162",
                    "typemoney": "3000"
                },
                {
                    "type": 4,
                    "typenum": "57084",
                    "typemoney": "200"
                },
                {
                    "type": 5,
                    "typenum": "1034128",
                    "typemoney": "10"
                },
                {
                    "type": 6,
                    "typenum": "8993878",
                    "typemoney": "5"
                },
                {
                    "type": 7,
                    "typenum": "",
                    "typemoney": ""
                }
            ]
        },
        {
            "name": "双色球",
            "code": "2019042",
            "detailsLink": "/c/2019/04/14/451600.shtml",
            "videoLink": "/c/2019/04/14/451599.shtml",
            "date": "2019-04-14(日)",
            "week": "日",
            "red": "15,17,19,22,25,26",
            "blue": "04",
            "blue2": "",
            "sales": "376134240",
            "poolmoney": "1220955571",
            "content": "河北1注,山西1注,福建1注,山东1注,共4注。",
            "addmoney": "",
            "addmoney2": "",
            "msg": "",
            "z2add": "",
            "m2add": "",
            "prizegrades": [
                {
                    "type": 1,
                    "typenum": "4",
                    "typemoney": "10000000"
                },
                {
                    "type": 2,
                    "typenum": "132",
                    "typemoney": "195373"
                },
                {
                    "type": 3,
                    "typenum": "1226",
                    "typemoney": "3000"
                },
                {
                    "type": 4,
                    "typenum": "74347",
                    "typemoney": "200"
                },
                {
                    "type": 5,
                    "typenum": "1495803",
                    "typemoney": "10"
                },
                {
                    "type": 6,
                    "typenum": "9528585",
                    "typemoney": "5"
                },
                {
                    "type": 7,
                    "typenum": "",
                    "typemoney": ""
                }
            ]
        },
        {
            "name": "双色球",
            "code": "2019041",
            "detailsLink": "/c/2019/04/11/451287.shtml",
            "videoLink": "/c/2019/04/11/451286.shtml",
            "date": "2019-04-11(四)",
            "week": "四",
            "red": "02,09,13,23,24,26",
            "blue": "16",
            "blue2": "",
            "sales": "347145834",
            "poolmoney": "1183587505",
            "content": "江西1注,河南1注,共2注。",
            "addmoney": "",
            "addmoney2": "",
            "msg": "",
            "z2add": "",
            "m2add": "",
            "prizegrades": [
                {
                    "type": 1,
                    "typenum": "2",
                    "typemoney": "10000000"
                },
                {
                    "type": 2,
                    "typenum": "103",
                    "typemoney": "274965"
                },
                {
                    "type": 3,
                    "typenum": "831",
                    "typemoney": "3000"
                },
                {
                    "type": 4,
                    "typenum": "47335",
                    "typemoney": "200"
                },
                {
                    "type": 5,
                    "typenum": "1003320",
                    "typemoney": "10"
                },
                {
                    "type": 6,
                    "typenum": "6964501",
                    "typemoney": "5"
                },
                {
                    "type": 7,
                    "typenum": "",
                    "typemoney": ""
                }
            ]
        },
        {
            "name": "双色球",
            "code": "2019040",
            "detailsLink": "/c/2019/04/09/451277.shtml",
            "videoLink": "/c/2019/04/09/451276.shtml",
            "date": "2019-04-09(二)",
            "week": "二",
            "red": "05,06,09,18,23,31",
            "blue": "11",
            "blue2": "",
            "sales": "335974062",
            "poolmoney": "1118623191",
            "content": "北京2注,黑龙江1注,江西1注,河南2注,广东1注,云南1注,共8注。",
            "addmoney": "",
            "addmoney2": "",
            "msg": "",
            "z2add": "",
            "m2add": "",
            "prizegrades": [
                {
                    "type": 1,
                    "typenum": "8",
                    "typemoney": "6661238"
                },
                {
                    "type": 2,
                    "typenum": "159",
                    "typemoney": "104480"
                },
                {
                    "type": 3,
                    "typenum": "2510",
                    "typemoney": "3000"
                },
                {
                    "type": 4,
                    "typenum": "93201",
                    "typemoney": "200"
                },
                {
                    "type": 5,
                    "typenum": "1540542",
                    "typemoney": "10"
                },
                {
                    "type": 6,
                    "typenum": "11320428",
                    "typemoney": "5"
                },
                {
                    "type": 7,
                    "typenum": "",
                    "typemoney": ""
                }
            ]
        },
        {
            "name": "双色球",
            "code": "2019039",
            "detailsLink": "/c/2019/04/07/451167.shtml",
            "videoLink": "/c/2019/04/07/451166.shtml",
            "date": "2019-04-07(日)",
            "week": "日",
            "red": "06,07,11,14,27,32",
            "blue": "08",
            "blue2": "",
            "sales": "363128750",
            "poolmoney": "1122075950",
            "content": "江苏3注,浙江5注,广西1注,陕西2注,共11注。",
            "addmoney": "",
            "addmoney2": "",
            "msg": "",
            "z2add": "",
            "m2add": "",
            "prizegrades": [
                {
                    "type": 1,
                    "typenum": "11",
                    "typemoney": "6258711"
                },
                {
                    "type": 2,
                    "typenum": "136",
                    "typemoney": "127259"
                },
                {
                    "type": 3,
                    "typenum": "2045",
                    "typemoney": "3000"
                },
                {
                    "type": 4,
                    "typenum": "89894",
                    "typemoney": "200"
                },
                {
                    "type": 5,
                    "typenum": "1606282",
                    "typemoney": "10"
                },
                {
                    "type": 6,
                    "typenum": "13705464",
                    "typemoney": "5"
                },
                {
                    "type": 7,
                    "typenum": "",
                    "typemoney": ""
                }
            ]
        },
        {
            "name": "双色球",
            "code": "2019038",
            "detailsLink": "/c/2019/04/04/451153.shtml",
            "videoLink": "/c/2019/04/04/451154.shtml",
            "date": "2019-04-04(四)",
            "week": "四",
            "red": "09,12,21,27,29,30",
            "blue": "05",
            "blue2": "",
            "sales": "335328036",
            "poolmoney": "1138999919",
            "content": "上海1注,浙江2注,重庆1注,湖北1注,四川2注,陕西1注,宁夏2注,共10注。",
            "addmoney": "",
            "addmoney2": "",
            "msg": "",
            "z2add": "",
            "m2add": "",
            "prizegrades": [
                {
                    "type": 1,
                    "typenum": "10",
                    "typemoney": "6243868"
                },
                {
                    "type": 2,
                    "typenum": "101",
                    "typemoney": "153944"
                },
                {
                    "type": 3,
                    "typenum": "2137",
                    "typemoney": "3000"
                },
                {
                    "type": 4,
                    "typenum": "89846",
                    "typemoney": "200"
                },
                {
                    "type": 5,
                    "typenum": "1485224",
                    "typemoney": "10"
                },
                {
                    "type": 6,
                    "typenum": "12576975",
                    "typemoney": "5"
                },
                {
                    "type": 7,
                    "typenum": "",
                    "typemoney": ""
                }
            ]
        },
        {
            "name": "双色球",
            "code": "2019037",
            "detailsLink": "/c/2019/04/02/451044.shtml",
            "videoLink": "/c/2019/04/02/451043.shtml",
            "date": "2019-04-02(二)",
            "week": "二",
            "red": "01,07,12,14,18,25",
            "blue": "10",
            "blue2": "",
            "sales": "344923376",
            "poolmoney": "1154793537",
            "content": "江苏1注,浙江5注,山东2注,河南1注,广东2注,云南1注,共12注。",
            "addmoney": "",
            "addmoney2": "",
            "msg": "",
            "z2add": "",
            "m2add": "",
            "prizegrades": [
                {
                    "type": 1,
                    "typenum": "12",
                    "typemoney": "6514774"
                },
                {
                    "type": 2,
                    "typenum": "213",
                    "typemoney": "106674"
                },
                {
                    "type": 3,
                    "typenum": "1458",
                    "typemoney": "3000"
                },
                {
                    "type": 4,
                    "typenum": "70399",
                    "typemoney": "200"
                },
                {
                    "type": 5,
                    "typenum": "1325157",
                    "typemoney": "10"
                },
                {
                    "type": 6,
                    "typenum": "9284123",
                    "typemoney": "5"
                },
                {
                    "type": 7,
                    "typenum": "",
                    "typemoney": ""
                }
            ]
        },
        {
            "name": "双色球",
            "code": "2019036",
            "detailsLink": "/c/2019/03/31/450933.shtml",
            "videoLink": "/c/2019/03/31/450934.shtml",
            "date": "2019-03-31(日)",
            "week": "日",
            "red": "02,10,13,16,23,32",
            "blue": "08",
            "blue2": "",
            "sales": "383547756",
            "poolmoney": "1164805979",
            "content": "天津1注,河北3注,辽宁1注,吉林1注,上海6注,浙江1注,安徽1注,河南2注,湖北1注,湖南2注,广东1注,陕西1注,共21注。",
            "addmoney": "",
            "addmoney2": "",
            "msg": "",
            "z2add": "",
            "m2add": "",
            "prizegrades": [
                {
                    "type": 1,
                    "typenum": "21",
                    "typemoney": "5000000"
                },
                {
                    "type": 2,
                    "typenum": "85",
                    "typemoney": "6000"
                },
                {
                    "type": 3,
                    "typenum": "2956",
                    "typemoney": "3000"
                },
                {
                    "type": 4,
                    "typenum": "117550",
                    "typemoney": "200"
                },
                {
                    "type": 5,
                    "typenum": "1895239",
                    "typemoney": "10"
                },
                {
                    "type": 6,
                    "typenum": "28680477",
                    "typemoney": "5"
                },
                {
                    "type": 7,
                    "typenum": "",
                    "typemoney": ""
                }
            ]
        },
        {
            "name": "双色球",
            "code": "2019035",
            "detailsLink": "/c/2019/03/28/450821.shtml",
            "videoLink": "/c/2019/03/28/450820.shtml",
            "date": "2019-03-28(四)",
            "week": "四",
            "red": "01,05,07,09,10,20",
            "blue": "16",
            "blue2": "",
            "sales": "354951028",
            "poolmoney": "1269805979",
            "content": "北京2注,河北1注,黑龙江2注,上海1注,江西1注,山东1注,广东1注,广西1注,深圳1注,共11注。",
            "addmoney": "",
            "addmoney2": "",
            "msg": "",
            "z2add": "",
            "m2add": "",
            "prizegrades": [
                {
                    "type": 1,
                    "typenum": "11",
                    "typemoney": "7034000"
                },
                {
                    "type": 2,
                    "typenum": "233",
                    "typemoney": "120032"
                },
                {
                    "type": 3,
                    "typenum": "1362",
                    "typemoney": "3000"
                },
                {
                    "type": 4,
                    "typenum": "75341",
                    "typemoney": "200"
                },
                {
                    "type": 5,
                    "typenum": "1379602",
                    "typemoney": "10"
                },
                {
                    "type": 6,
                    "typenum": "5821154",
                    "typemoney": "5"
                },
                {
                    "type": 7,
                    "typenum": "",
                    "typemoney": ""
                }
            ]
        },
        {
            "name": "双色球",
            "code": "2019034",
            "detailsLink": "/c/2019/03/26/450711.shtml",
            "videoLink": "/c/2019/03/26/450710.shtml",
            "date": "2019-03-26(二)",
            "week": "二",
            "red": "09,11,15,22,24,26",
            "blue": "03",
            "blue2": "",
            "sales": "354652922",
            "poolmoney": "1263277472",
            "content": "北京1注,河北1注,辽宁3注,上海1注,福建2注,山东1注,河南1注,共10注。",
            "addmoney": "",
            "addmoney2": "",
            "msg": "",
            "z2add": "",
            "m2add": "",
            "prizegrades": [
                {
                    "type": 1,
                    "typenum": "10",
                    "typemoney": "6957743"
                },
                {
                    "type": 2,
                    "typenum": "103",
                    "typemoney": "237590"
                },
                {
                    "type": 3,
                    "typenum": "1211",
                    "typemoney": "3000"
                },
                {
                    "type": 4,
                    "typenum": "63789",
                    "typemoney": "200"
                },
                {
                    "type": 5,
                    "typenum": "1242428",
                    "typemoney": "10"
                },
                {
                    "type": 6,
                    "typenum": "9415538",
                    "typemoney": "5"
                },
                {
                    "type": 7,
                    "typenum": "",
                    "typemoney": ""
                }
            ]
        },
        {
            "name": "双色球",
            "code": "2019033",
            "detailsLink": "/c/2019/03/24/450600.shtml",
            "videoLink": "/c/2019/03/24/450599.shtml",
            "date": "2019-03-24(日)",
            "week": "日",
            "red": "09,15,19,21,23,29",
            "blue": "15",
            "blue2": "",
            "sales": "385168218",
            "poolmoney": "1259439534",
            "content": "山西1注,江苏1注,浙江1注,河南3注,四川4注,陕西1注,深圳11注,共22注。",
            "addmoney": "",
            "addmoney2": "",
            "msg": "",
            "z2add": "",
            "m2add": "",
            "prizegrades": [
                {
                    "type": 1,
                    "typenum": "22",
                    "typemoney": "6000111"
                },
                {
                    "type": 2,
                    "typenum": "224",
                    "typemoney": "122781"
                },
                {
                    "type": 3,
                    "typenum": "1380",
                    "typemoney": "3000"
                },
                {
                    "type": 4,
                    "typenum": "68477",
                    "typemoney": "200"
                },
                {
                    "type": 5,
                    "typenum": "1323149",
                    "typemoney": "10"
                },
                {
                    "type": 6,
                    "typenum": "9530663",
                    "typemoney": "5"
                },
                {
                    "type": 7,
                    "typenum": "",
                    "typemoney": ""
                }
            ]
        },
        {
            "name": "双色球",
            "code": "2019032",
            "detailsLink": "/c/2019/03/21/450587.shtml",
            "videoLink": "/c/2019/03/21/450486.shtml",
            "date": "2019-03-21(四)",
            "week": "四",
            "red": "04,08,09,13,28,33",
            "blue": "04",
            "blue2": "",
            "sales": "353034100",
            "poolmoney": "1308932812",
            "content": "上海1注,江苏2注,广东1注,贵州1注,青海1注,共6注。",
            "addmoney": "",
            "addmoney2": "",
            "msg": "",
            "z2add": "",
            "m2add": "",
            "prizegrades": [
                {
                    "type": 1,
                    "typenum": "6",
                    "typemoney": "8788636"
                },
                {
                    "type": 2,
                    "typenum": "228",
                    "typemoney": "124626"
                },
                {
                    "type": 3,
                    "typenum": "951",
                    "typemoney": "3000"
                },
                {
                    "type": 4,
                    "typenum": "52822",
                    "typemoney": "200"
                },
                {
                    "type": 5,
                    "typenum": "1080804",
                    "typemoney": "10"
                },
                {
                    "type": 6,
                    "typenum": "7020433",
                    "typemoney": "5"
                },
                {
                    "type": 7,
                    "typenum": "",
                    "typemoney": ""
                }
            ]
        },
        {
            "name": "双色球",
            "code": "2019031",
            "detailsLink": "/c/2019/03/19/450477.shtml",
            "videoLink": "/c/2019/03/19/450476.shtml",
            "date": "2019-03-19(二)",
            "week": "二",
            "red": "03,13,15,18,21,33",
            "blue": "16",
            "blue2": "",
            "sales": "358344316",
            "poolmoney": "1276420305",
            "content": "江苏2注,重庆3注,共5注。",
            "addmoney": "",
            "addmoney2": "",
            "msg": "",
            "z2add": "",
            "m2add": "",
            "prizegrades": [
                {
                    "type": 1,
                    "typenum": "5",
                    "typemoney": "9429639"
                },
                {
                    "type": 2,
                    "typenum": "119",
                    "typemoney": "232649"
                },
                {
                    "type": 3,
                    "typenum": "976",
                    "typemoney": "3000"
                },
                {
                    "type": 4,
                    "typenum": "60588",
                    "typemoney": "200"
                },
                {
                    "type": 5,
                    "typenum": "1236438",
                    "typemoney": "10"
                },
                {
                    "type": 6,
                    "typenum": "7487549",
                    "typemoney": "5"
                },
                {
                    "type": 7,
                    "typenum": "",
                    "typemoney": ""
                }
            ]
        },
        {
            "name": "双色球",
            "code": "2019030",
            "detailsLink": "/c/2019/03/17/450367.shtml",
            "videoLink": "/c/2019/03/17/450366.shtml",
            "date": "2019-03-17(日)",
            "week": "日",
            "red": "04,05,07,10,12,22",
            "blue": "16",
            "blue2": "",
            "sales": "392415448",
            "poolmoney": "1240512761",
            "content": "山西1注,吉林1注,浙江2注,安徽1注,福建2注,山东1注,河南2注,湖北2注,湖南2注,广东1注,云南1注,陕西1注,共17注。",
            "addmoney": "",
            "addmoney2": "",
            "msg": "",
            "z2add": "",
            "m2add": "",
            "prizegrades": [
                {
                    "type": 1,
                    "typenum": "17",
                    "typemoney": "6202265"
                },
                {
                    "type": 2,
                    "typenum": "196",
                    "typemoney": "130347"
                },
                {
                    "type": 3,
                    "typenum": "1656",
                    "typemoney": "3000"
                },
                {
                    "type": 4,
                    "typenum": "83656",
                    "typemoney": "200"
                },
                {
                    "type": 5,
                    "typenum": "1625585",
                    "typemoney": "10"
                },
                {
                    "type": 6,
                    "typenum": "10427184",
                    "typemoney": "5"
                },
                {
                    "type": 7,
                    "typenum": "",
                    "typemoney": ""
                }
            ]
        },
        {
            "name": "双色球",
            "code": "2019029",
            "detailsLink": "/c/2019/03/14/450354.shtml",
            "videoLink": "/c/2019/03/14/450353.shtml",
            "date": "2019-03-14(四)",
            "week": "四",
            "red": "08,11,17,23,32,33",
            "blue": "10",
            "blue2": "",
            "sales": "358515950",
            "poolmoney": "1269306832",
            "content": "内蒙古1注,浙江1注,福建1注,山东1注,湖北1注,甘肃1注,共6注。",
            "addmoney": "",
            "addmoney2": "",
            "msg": "",
            "z2add": "",
            "m2add": "",
            "prizegrades": [
                {
                    "type": 1,
                    "typenum": "6",
                    "typemoney": "8343406"
                },
                {
                    "type": 2,
                    "typenum": "83",
                    "typemoney": "302115"
                },
                {
                    "type": 3,
                    "typenum": "1157",
                    "typemoney": "3000"
                },
                {
                    "type": 4,
                    "typenum": "61274",
                    "typemoney": "200"
                },
                {
                    "type": 5,
                    "typenum": "1166185",
                    "typemoney": "10"
                },
                {
                    "type": 6,
                    "typenum": "9596595",
                    "typemoney": "5"
                },
                {
                    "type": 7,
                    "typenum": "",
                    "typemoney": ""
                }
            ]
        },
        {
            "name": "双色球",
            "code": "2019028",
            "detailsLink": "/c/2019/03/12/450244.shtml",
            "videoLink": "/c/2019/03/12/450243.shtml",
            "date": "2019-03-12(二)",
            "week": "二",
            "red": "04,19,22,26,29,30",
            "blue": "11",
            "blue2": "",
            "sales": "356878622",
            "poolmoney": "1244140628",
            "content": "河北1注,福建3注,山东1注,重庆1注,河南1注,湖南1注,云南1注,宁夏2注,共11注。",
            "addmoney": "",
            "addmoney2": "",
            "msg": "",
            "z2add": "",
            "m2add": "",
            "prizegrades": [
                {
                    "type": 1,
                    "typenum": "11",
                    "typemoney": "6380332"
                },
                {
                    "type": 2,
                    "typenum": "165",
                    "typemoney": "115027"
                },
                {
                    "type": 3,
                    "typenum": "2023",
                    "typemoney": "3000"
                },
                {
                    "type": 4,
                    "typenum": "98830",
                    "typemoney": "200"
                },
                {
                    "type": 5,
                    "typenum": "1660732",
                    "typemoney": "10"
                },
                {
                    "type": 6,
                    "typenum": "11301979",
                    "typemoney": "5"
                },
                {
                    "type": 7,
                    "typenum": "",
                    "typemoney": ""
                }
            ]
        },
        {
            "name": "双色球",
            "code": "2019027",
            "detailsLink": "/c/2019/03/10/450134.shtml",
            "videoLink": "/c/2019/03/10/450133.shtml",
            "date": "2019-03-10(日)",
            "week": "日",
            "red": "02,06,08,10,11,17",
            "blue": "13",
            "blue2": "",
            "sales": "393236612",
            "poolmoney": "1257385558",
            "content": "山东2注,湖南1注,广东5注,贵州1注,共9注。",
            "addmoney": "",
            "addmoney2": "",
            "msg": "",
            "z2add": "",
            "m2add": "",
            "prizegrades": [
                {
                    "type": 1,
                    "typenum": "9",
                    "typemoney": "7407292"
                },
                {
                    "type": 2,
                    "typenum": "223",
                    "typemoney": "121444"
                },
                {
                    "type": 3,
                    "typenum": "1601",
                    "typemoney": "3000"
                },
                {
                    "type": 4,
                    "typenum": "95901",
                    "typemoney": "200"
                },
                {
                    "type": 5,
                    "typenum": "1910982",
                    "typemoney": "10"
                },
                {
                    "type": 6,
                    "typenum": "8252950",
                    "typemoney": "5"
                },
                {
                    "type": 7,
                    "typenum": "",
                    "typemoney": ""
                }
            ]
        },
        {
            "name": "双色球",
            "code": "2019026",
            "detailsLink": "/c/2019/03/07/450121.shtml",
            "videoLink": "/c/2019/03/07/450120.shtml",
            "date": "2019-03-07(四)",
            "week": "四",
            "red": "03,13,15,19,20,27",
            "blue": "14",
            "blue2": "",
            "sales": "349411720",
            "poolmoney": "1242805065",
            "content": "北京1注,内蒙古1注,安徽3注,江西1注,广东1注,四川1注,陕西1注,深圳1注,共10注。",
            "addmoney": "",
            "addmoney2": "",
            "msg": "",
            "z2add": "",
            "m2add": "",
            "prizegrades": [
                {
                    "type": 1,
                    "typenum": "10",
                    "typemoney": "6689534"
                },
                {
                    "type": 2,
                    "typenum": "105",
                    "typemoney": "201135"
                },
                {
                    "type": 3,
                    "typenum": "1359",
                    "typemoney": "3000"
                },
                {
                    "type": 4,
                    "typenum": "72605",
                    "typemoney": "200"
                },
                {
                    "type": 5,
                    "typenum": "1386153",
                    "typemoney": "10"
                },
                {
                    "type": 6,
                    "typenum": "10855102",
                    "typemoney": "5"
                },
                {
                    "type": 7,
                    "typenum": "",
                    "typemoney": ""
                }
            ]
        },
        {
            "name": "双色球",
            "code": "2019025",
            "detailsLink": "/c/2019/03/05/450011.shtml",
            "videoLink": "/c/2019/03/05/450010.shtml",
            "date": "2019-03-05(二)",
            "week": "二",
            "red": "15,16,21,27,30,33",
            "blue": "04",
            "blue2": "",
            "sales": "345714892",
            "poolmoney": "1246342879",
            "content": "辽宁2注,黑龙江1注,湖南1注,广西1注,共5注。",
            "addmoney": "",
            "addmoney2": "",
            "msg": "",
            "z2add": "",
            "m2add": "",
            "prizegrades": [
                {
                    "type": 1,
                    "typenum": "5",
                    "typemoney": "9479664"
                },
                {
                    "type": 2,
                    "typenum": "74",
                    "typemoney": "378350"
                },
                {
                    "type": 3,
                    "typenum": "838",
                    "typemoney": "3000"
                },
                {
                    "type": 4,
                    "typenum": "48576",
                    "typemoney": "200"
                },
                {
                    "type": 5,
                    "typenum": "997993",
                    "typemoney": "10"
                },
                {
                    "type": 6,
                    "typenum": "7039911",
                    "typemoney": "5"
                },
                {
                    "type": 7,
                    "typenum": "",
                    "typemoney": ""
                }
            ]
        },
        {
            "name": "双色球",
            "code": "2019024",
            "detailsLink": "/c/2019/03/03/449899.shtml",
            "videoLink": "/c/2019/03/03/449901.shtml",
            "date": "2019-03-03(日)",
            "week": "日",
            "red": "01,08,23,25,28,29",
            "blue": "10",
            "blue2": "",
            "sales": "384117562",
            "poolmoney": "1209747493",
            "content": "天津1注,上海1注,浙江1注,湖南1注,四川1注,陕西2注,宁夏1注,共8注。",
            "addmoney": "",
            "addmoney2": "",
            "msg": "",
            "z2add": "",
            "m2add": "",
            "prizegrades": [
                {
                    "type": 1,
                    "typenum": "8",
                    "typemoney": "6940962"
                },
                {
                    "type": 2,
                    "typenum": "99",
                    "typemoney": "196056"
                },
                {
                    "type": 3,
                    "typenum": "1518",
                    "typemoney": "3000"
                },
                {
                    "type": 4,
                    "typenum": "85039",
                    "typemoney": "200"
                },
                {
                    "type": 5,
                    "typenum": "1544263",
                    "typemoney": "10"
                },
                {
                    "type": 6,
                    "typenum": "14714934",
                    "typemoney": "5"
                },
                {
                    "type": 7,
                    "typenum": "",
                    "typemoney": ""
                }
            ]
        },
        {
            "name": "双色球",
            "code": "2019023",
            "detailsLink": "/c/2019/02/28/449886.shtml",
            "videoLink": "/c/2019/02/28/449888.shtml",
            "date": "2019-02-28(四)",
            "week": "四",
            "red": "01,10,14,15,18,31",
            "blue": "13",
            "blue2": "",
            "sales": "353488994",
            "poolmoney": "1207046316",
            "content": "内蒙古1注,黑龙江1注,江苏1注,浙江4注,安徽1注,河南1注,湖南1注,四川2注,甘肃1注,共13注。",
            "addmoney": "",
            "addmoney2": "",
            "msg": "",
            "z2add": "",
            "m2add": "",
            "prizegrades": [
                {
                    "type": 1,
                    "typenum": "13",
                    "typemoney": "6088193"
                },
                {
                    "type": 2,
                    "typenum": "336",
                    "typemoney": "52628"
                },
                {
                    "type": 3,
                    "typenum": "3232",
                    "typemoney": "3000"
                },
                {
                    "type": 4,
                    "typenum": "122445",
                    "typemoney": "200"
                },
                {
                    "type": 5,
                    "typenum": "1798078",
                    "typemoney": "10"
                },
                {
                    "type": 6,
                    "typenum": "10062246",
                    "typemoney": "5"
                },
                {
                    "type": 7,
                    "typenum": "",
                    "typemoney": ""
                }
            ]
        },
        {
            "name": "双色球",
            "code": "2019022",
            "detailsLink": "/c/2019/02/26/449777.shtml",
            "videoLink": "/c/2019/02/26/449776.shtml",
            "date": "2019-02-26(二)",
            "week": "二",
            "red": "03,07,11,21,30,33",
            "blue": "07",
            "blue2": "",
            "sales": "338829860",
            "poolmoney": "1233143388",
            "content": "江苏3注,安徽2注,江西1注,山东5注,重庆1注,广东5注,广西1注,四川1注,共19注。",
            "addmoney": "",
            "addmoney2": "",
            "msg": "",
            "z2add": "",
            "m2add": "",
            "prizegrades": [
                {
                    "type": 1,
                    "typenum": "19",
                    "typemoney": "5503206"
                },
                {
                    "type": 2,
                    "typenum": "169",
                    "typemoney": "70716"
                },
                {
                    "type": 3,
                    "typenum": "2055",
                    "typemoney": "3000"
                },
                {
                    "type": 4,
                    "typenum": "86814",
                    "typemoney": "200"
                },
                {
                    "type": 5,
                    "typenum": "1417042",
                    "typemoney": "10"
                },
                {
                    "type": 6,
                    "typenum": "16104759",
                    "typemoney": "5"
                },
                {
                    "type": 7,
                    "typenum": "",
                    "typemoney": ""
                }
            ]
        },
        {
            "name": "双色球",
            "code": "2019021",
            "detailsLink": "/c/2019/02/24/449667.shtml",
            "videoLink": "/c/2019/02/24/449666.shtml",
            "date": "2019-02-24(日)",
            "week": "日",
            "red": "02,05,07,08,20,27",
            "blue": "04",
            "blue2": "",
            "sales": "370839306",
            "poolmoney": "1301850849",
            "content": "天津2注,河南1注,湖北1注,四川1注,陕西1注,共6注。",
            "addmoney": "",
            "addmoney2": "",
            "msg": "",
            "z2add": "",
            "m2add": "",
            "prizegrades": [
                {
                    "type": 1,
                    "typenum": "6",
                    "typemoney": "8810224"
                },
                {
                    "type": 2,
                    "typenum": "214",
                    "typemoney": "133535"
                },
                {
                    "type": 3,
                    "typenum": "1155",
                    "typemoney": "3000"
                },
                {
                    "type": 4,
                    "typenum": "67604",
                    "typemoney": "200"
                },
                {
                    "type": 5,
                    "typenum": "1347077",
                    "typemoney": "10"
                },
                {
                    "type": 6,
                    "typenum": "7389591",
                    "typemoney": "5"
                },
                {
                    "type": 7,
                    "typenum": "",
                    "typemoney": ""
                }
            ]
        },
        {
            "name": "双色球",
            "code": "2019020",
            "detailsLink": "/c/2019/02/21/449654.shtml",
            "videoLink": "/c/2019/02/21/449653.shtml",
            "date": "2019-02-21(四)",
            "week": "四",
            "red": "02,12,13,23,27,28",
            "blue": "12",
            "blue2": "",
            "sales": "330603914",
            "poolmoney": "1268982145",
            "content": "上海1注,浙江1注,河南1注,湖北3注,湖南1注,广东1注,贵州1注,云南1注,新疆1注,共11注。",
            "addmoney": "",
            "addmoney2": "",
            "msg": "",
            "z2add": "",
            "m2add": "",
            "prizegrades": [
                {
                    "type": 1,
                    "typenum": "11",
                    "typemoney": "6275977"
                },
                {
                    "type": 2,
                    "typenum": "233",
                    "typemoney": "75299"
                },
                {
                    "type": 3,
                    "typenum": "2238",
                    "typemoney": "3000"
                },
                {
                    "type": 4,
                    "typenum": "102237",
                    "typemoney": "200"
                },
                {
                    "type": 5,
                    "typenum": "1680141",
                    "typemoney": "10"
                },
                {
                    "type": 6,
                    "typenum": "9570874",
                    "typemoney": "5"
                },
                {
                    "type": 7,
                    "typenum": "",
                    "typemoney": ""
                }
            ]
        },
        {
            "name": "双色球",
            "code": "2019019",
            "detailsLink": "/c/2019/02/19/449544.shtml",
            "videoLink": "/c/2019/02/19/449543.shtml",
            "date": "2019-02-19(二)",
            "week": "二",
            "red": "03,11,17,18,24,25",
            "blue": "06",
            "blue2": "",
            "sales": "326400930",
            "poolmoney": "1285383840",
            "content": "北京2注,天津1注,河北1注,上海1注,江苏3注,浙江1注,福建1注,江西1注,山东5注,河南1注,湖北2注,广东2注,陕西1注,宁夏1注,新疆1注,共24注。",
            "addmoney": "",
            "addmoney2": "",
            "msg": "",
            "z2add": "",
            "m2add": "",
            "prizegrades": [
                {
                    "type": 1,
                    "typenum": "24",
                    "typemoney": "5530875"
                },
                {
                    "type": 2,
                    "typenum": "268",
                    "typemoney": "59426"
                },
                {
                    "type": 3,
                    "typenum": "2643",
                    "typemoney": "3000"
                },
                {
                    "type": 4,
                    "typenum": "107983",
                    "typemoney": "200"
                },
                {
                    "type": 5,
                    "typenum": "1679611",
                    "typemoney": "10"
                },
                {
                    "type": 6,
                    "typenum": "9981949",
                    "typemoney": "5"
                },
                {
                    "type": 7,
                    "typenum": "",
                    "typemoney": ""
                }
            ]
        },
        {
            "name": "双色球",
            "code": "2019018",
            "detailsLink": "/c/2019/02/17/449334.shtml",
            "videoLink": "/c/2019/02/17/449333.shtml",
            "date": "2019-02-17(日)",
            "week": "日",
            "red": "04,11,18,19,26,32",
            "blue": "04",
            "blue2": "",
            "sales": "349743310",
            "poolmoney": "1370346090",
            "content": "江苏1注,浙江1注,安徽2注,广东2注,广西1注,四川1注,共8注。",
            "addmoney": "",
            "addmoney2": "",
            "msg": "",
            "z2add": "",
            "m2add": "",
            "prizegrades": [
                {
                    "type": 1,
                    "typenum": "8",
                    "typemoney": "7473244"
                },
                {
                    "type": 2,
                    "typenum": "364",
                    "typemoney": "67946"
                },
                {
                    "type": 3,
                    "typenum": "1391",
                    "typemoney": "3000"
                },
                {
                    "type": 4,
                    "typenum": "65920",
                    "typemoney": "200"
                },
                {
                    "type": 5,
                    "typenum": "1216364",
                    "typemoney": "10"
                },
                {
                    "type": 6,
                    "typenum": "8584758",
                    "typemoney": "5"
                },
                {
                    "type": 7,
                    "typenum": "",
                    "typemoney": ""
                }
            ]
        },
        {
            "name": "双色球",
            "code": "2019017",
            "detailsLink": "/c/2019/02/14/449321.shtml",
            "videoLink": "/c/2019/02/14/449320.shtml",
            "date": "2019-02-14(四)",
            "week": "四",
            "red": "04,05,24,28,30,33",
            "blue": "09",
            "blue2": "",
            "sales": "312764888",
            "poolmoney": "1355934705",
            "content": "辽宁1注,上海1注,云南1注,共3注。",
            "addmoney": "",
            "addmoney2": "",
            "msg": "",
            "z2add": "",
            "m2add": "",
            "prizegrades": [
                {
                    "type": 1,
                    "typenum": "3",
                    "typemoney": "9404407"
                },
                {
                    "type": 2,
                    "typenum": "50",
                    "typemoney": "330330"
                },
                {
                    "type": 3,
                    "typenum": "947",
                    "typemoney": "3000"
                },
                {
                    "type": 4,
                    "typenum": "49981",
                    "typemoney": "200"
                },
                {
                    "type": 5,
                    "typenum": "991144",
                    "typemoney": "10"
                },
                {
                    "type": 6,
                    "typenum": "12888010",
                    "typemoney": "5"
                },
                {
                    "type": 7,
                    "typenum": "",
                    "typemoney": ""
                }
            ]
        },
        {
            "name": "双色球",
            "code": "2019016",
            "detailsLink": "/c/2019/02/12/449211.shtml",
            "videoLink": "/c/2019/02/12/449210.shtml",
            "date": "2019-02-12(二)",
            "week": "二",
            "red": "05,07,09,11,19,25",
            "blue": "05",
            "blue2": "",
            "sales": "314659700",
            "poolmoney": "1334598348",
            "content": "河北1注,内蒙古1注,山东1注,河南1注,广东1注,四川1注,云南5注,共11注。",
            "addmoney": "",
            "addmoney2": "",
            "msg": "",
            "z2add": "",
            "m2add": "",
            "prizegrades": [
                {
                    "type": 1,
                    "typenum": "11",
                    "typemoney": "6236511"
                },
                {
                    "type": 2,
                    "typenum": "157",
                    "typemoney": "108293"
                },
                {
                    "type": 3,
                    "typenum": "2163",
                    "typemoney": "3000"
                },
                {
                    "type": 4,
                    "typenum": "92522",
                    "typemoney": "200"
                },
                {
                    "type": 5,
                    "typenum": "1508697",
                    "typemoney": "10"
                },
                {
                    "type": 6,
                    "typenum": "9218949",
                    "typemoney": "5"
                },
                {
                    "type": 7,
                    "typenum": "",
                    "typemoney": ""
                }
            ]
        },
        {
            "name": "双色球",
            "code": "2019015",
            "detailsLink": "/c/2019/02/03/449101.shtml",
            "videoLink": "/c/2019/02/03/449100.shtml",
            "date": "2019-02-03(日)",
            "week": "日",
            "red": "11,15,16,20,24,31",
            "blue": "04",
            "blue2": "",
            "sales": "386508326",
            "poolmoney": "1352193873",
            "content": "山西5注,辽宁1注,黑龙江2注,江苏1注,江西1注,山东1注,广西1注,四川1注,共13注。",
            "addmoney": "",
            "addmoney2": "",
            "msg": "",
            "z2add": "",
            "m2add": "",
            "prizegrades": [
                {
                    "type": 1,
                    "typenum": "13",
                    "typemoney": "6477986"
                },
                {
                    "type": 2,
                    "typenum": "181",
                    "typemoney": "132692"
                },
                {
                    "type": 3,
                    "typenum": "1940",
                    "typemoney": "3000"
                },
                {
                    "type": 4,
                    "typenum": "90908",
                    "typemoney": "200"
                },
                {
                    "type": 5,
                    "typenum": "1614328",
                    "typemoney": "10"
                },
                {
                    "type": 6,
                    "typenum": "10635011",
                    "typemoney": "5"
                },
                {
                    "type": 7,
                    "typenum": "",
                    "typemoney": ""
                }
            ]
        },
        {
            "name": "双色球",
            "code": "2019014",
            "detailsLink": "/c/2019/01/31/448988.shtml",
            "videoLink": "/c/2019/01/31/448987.shtml",
            "date": "2019-01-31(四)",
            "week": "四",
            "red": "01,02,03,14,19,33",
            "blue": "03",
            "blue2": "",
            "sales": "327526362",
            "poolmoney": "1364355844",
            "content": "辽宁3注,江苏1注,河南1注,广东2注,共7注。",
            "addmoney": "",
            "addmoney2": "",
            "msg": "",
            "z2add": "",
            "m2add": "",
            "prizegrades": [
                {
                    "type": 1,
                    "typenum": "7",
                    "typemoney": "7683510"
                },
                {
                    "type": 2,
                    "typenum": "168",
                    "typemoney": "139766"
                },
                {
                    "type": 3,
                    "typenum": "1247",
                    "typemoney": "3000"
                },
                {
                    "type": 4,
                    "typenum": "54378",
                    "typemoney": "200"
                },
                {
                    "type": 5,
                    "typenum": "991041",
                    "typemoney": "10"
                },
                {
                    "type": 6,
                    "typenum": "8407607",
                    "typemoney": "5"
                },
                {
                    "type": 7,
                    "typenum": "",
                    "typemoney": ""
                }
            ]
        },
        {
            "name": "双色球",
            "code": "2019013",
            "detailsLink": "/c/2019/01/29/448878.shtml",
            "videoLink": "/c/2019/01/29/448877.shtml",
            "date": "2019-01-29(二)",
            "week": "二",
            "red": "05,07,14,16,18,21",
            "blue": "01",
            "blue2": "",
            "sales": "332648408",
            "poolmoney": "1347698265",
            "content": "黑龙江1注,浙江1注,河南1注,陕西1注,共4注。",
            "addmoney": "",
            "addmoney2": "",
            "msg": "",
            "z2add": "",
            "m2add": "",
            "prizegrades": [
                {
                    "type": 1,
                    "typenum": "4",
                    "typemoney": "10000000"
                },
                {
                    "type": 2,
                    "typenum": "77",
                    "typemoney": "363158"
                },
                {
                    "type": 3,
                    "typenum": "739",
                    "typemoney": "3000"
                },
                {
                    "type": 4,
                    "typenum": "37452",
                    "typemoney": "200"
                },
                {
                    "type": 5,
                    "typenum": "869073",
                    "typemoney": "10"
                },
                {
                    "type": 6,
                    "typenum": "6549335",
                    "typemoney": "5"
                },
                {
                    "type": 7,
                    "typenum": "",
                    "typemoney": ""
                }
            ]
        },
        {
            "name": "双色球",
            "code": "2019012",
            "detailsLink": "/c/2019/01/27/448668.shtml",
            "videoLink": "/c/2019/01/27/448667.shtml",
            "date": "2019-01-27(日)",
            "week": "日",
            "red": "07,10,21,23,31,33",
            "blue": "14",
            "blue2": "",
            "sales": "370443836",
            "poolmoney": "1303808580",
            "content": "黑龙江2注,共2注。",
            "addmoney": "",
            "addmoney2": "",
            "msg": "",
            "z2add": "",
            "m2add": "",
            "prizegrades": [
                {
                    "type": 1,
                    "typenum": "2",
                    "typemoney": "10000000"
                },
                {
                    "type": 2,
                    "typenum": "55",
                    "typemoney": "472600"
                },
                {
                    "type": 3,
                    "typenum": "898",
                    "typemoney": "3000"
                },
                {
                    "type": 4,
                    "typenum": "50302",
                    "typemoney": "200"
                },
                {
                    "type": 5,
                    "typenum": "1046003",
                    "typemoney": "10"
                },
                {
                    "type": 6,
                    "typenum": "10866207",
                    "typemoney": "5"
                },
                {
                    "type": 7,
                    "typenum": "",
                    "typemoney": ""
                }
            ]
        },
        {
            "name": "双色球",
            "code": "2019011",
            "detailsLink": "/c/2019/01/24/448655.shtml",
            "videoLink": "/c/2019/01/24/448654.shtml",
            "date": "2019-01-24(四)",
            "week": "四",
            "red": "10,13,19,21,24,30",
            "blue": "07",
            "blue2": "",
            "sales": "340431350",
            "poolmoney": "1245829570",
            "content": "河北2注,辽宁1注,河南1注,共4注。",
            "addmoney": "",
            "addmoney2": "",
            "msg": "",
            "z2add": "",
            "m2add": "",
            "prizegrades": [
                {
                    "type": 1,
                    "typenum": "4",
                    "typemoney": "8829188"
                },
                {
                    "type": 2,
                    "typenum": "72",
                    "typemoney": "265915"
                },
                {
                    "type": 3,
                    "typenum": "1152",
                    "typemoney": "3000"
                },
                {
                    "type": 4,
                    "typenum": "67289",
                    "typemoney": "200"
                },
                {
                    "type": 5,
                    "typenum": "1252710",
                    "typemoney": "10"
                },
                {
                    "type": 6,
                    "typenum": "12157338",
                    "typemoney": "5"
                },
                {
                    "type": 7,
                    "typenum": "",
                    "typemoney": ""
                }
            ]
        },
        {
            "name": "双色球",
            "code": "2019010",
            "detailsLink": "/c/2019/01/22/448345.shtml",
            "videoLink": "/c/2019/01/22/448344.shtml",
            "date": "2019-01-22(二)",
            "week": "二",
            "red": "02,04,05,08,11,30",
            "blue": "02",
            "blue2": "",
            "sales": "336769874",
            "poolmoney": "1223708496",
            "content": "北京2注,河北1注,山西2注,黑龙江1注,山东3注,重庆1注,河南1注,广东3注,广西1注,共15注。",
            "addmoney": "",
            "addmoney2": "",
            "msg": "",
            "z2add": "",
            "m2add": "",
            "prizegrades": [
                {
                    "type": 1,
                    "typenum": "15",
                    "typemoney": "5753329"
                },
                {
                    "type": 2,
                    "typenum": "178",
                    "typemoney": "79353"
                },
                {
                    "type": 3,
                    "typenum": "3452",
                    "typemoney": "3000"
                },
                {
                    "type": 4,
                    "typenum": "139972",
                    "typemoney": "200"
                },
                {
                    "type": 5,
                    "typenum": "2193164",
                    "typemoney": "10"
                },
                {
                    "type": 6,
                    "typenum": "9647094",
                    "typemoney": "5"
                },
                {
                    "type": 7,
                    "typenum": "",
                    "typemoney": ""
                }
            ]
        },
        {
            "name": "双色球",
            "code": "2019009",
            "detailsLink": "/c/2019/01/20/448235.shtml",
            "videoLink": "/c/2019/01/20/448234.shtml",
            "date": "2019-01-20(日)",
            "week": "日",
            "red": "01,07,10,22,31,32",
            "blue": "15",
            "blue2": "",
            "sales": "376873348",
            "poolmoney": "1267633646",
            "content": "辽宁1注,山东1注,湖南1注,广东8注,广西1注,共12注。",
            "addmoney": "",
            "addmoney2": "",
            "msg": "",
            "z2add": "",
            "m2add": "",
            "prizegrades": [
                {
                    "type": 1,
                    "typenum": "12",
                    "typemoney": "7191309"
                },
                {
                    "type": 2,
                    "typenum": "122",
                    "typemoney": "269423"
                },
                {
                    "type": 3,
                    "typenum": "687",
                    "typemoney": "3000"
                },
                {
                    "type": 4,
                    "typenum": "46022",
                    "typemoney": "200"
                },
                {
                    "type": 5,
                    "typenum": "979441",
                    "typemoney": "10"
                },
                {
                    "type": 6,
                    "typenum": "6425913",
                    "typemoney": "5"
                },
                {
                    "type": 7,
                    "typenum": "",
                    "typemoney": ""
                }
            ]
        },
        {
            "name": "双色球",
            "code": "2019008",
            "detailsLink": "/c/2019/01/17/448221.shtml",
            "videoLink": "/c/2019/01/17/448223.shtml",
            "date": "2019-01-17(四)",
            "week": "四",
            "red": "02,06,09,13,28,32",
            "blue": "12",
            "blue2": "",
            "sales": "342498692",
            "poolmoney": "1255320435",
            "content": "山东1注,重庆1注,广东1注,四川1注,共4注。",
            "addmoney": "",
            "addmoney2": "",
            "msg": "",
            "z2add": "",
            "m2add": "",
            "prizegrades": [
                {
                    "type": 1,
                    "typenum": "4",
                    "typemoney": "9716477"
                },
                {
                    "type": 2,
                    "typenum": "86",
                    "typemoney": "274213"
                },
                {
                    "type": 3,
                    "typenum": "1085",
                    "typemoney": "3000"
                },
                {
                    "type": 4,
                    "typenum": "60425",
                    "typemoney": "200"
                },
                {
                    "type": 5,
                    "typenum": "1166000",
                    "typemoney": "10"
                },
                {
                    "type": 6,
                    "typenum": "9298962",
                    "typemoney": "5"
                },
                {
                    "type": 7,
                    "typenum": "",
                    "typemoney": ""
                }
            ]
        },
        {
            "name": "双色球",
            "code": "2019007",
            "detailsLink": "/c/2019/01/15/448012.shtml",
            "videoLink": "/c/2019/01/15/448011.shtml",
            "date": "2019-01-15(二)",
            "week": "二",
            "red": "06,10,14,15,19,23",
            "blue": "15",
            "blue2": "",
            "sales": "340543166",
            "poolmoney": "1223439184",
            "content": "吉林1注,浙江1注,河南1注,湖北1注,广东1注,四川1注,云南2注,陕西1注,共9注。",
            "addmoney": "",
            "addmoney2": "",
            "msg": "",
            "z2add": "",
            "m2add": "",
            "prizegrades": [
                {
                    "type": 1,
                    "typenum": "9",
                    "typemoney": "7306482"
                },
                {
                    "type": 2,
                    "typenum": "198",
                    "typemoney": "131050"
                },
                {
                    "type": 3,
                    "typenum": "1318",
                    "typemoney": "3000"
                },
                {
                    "type": 4,
                    "typenum": "66723",
                    "typemoney": "200"
                },
                {
                    "type": 5,
                    "typenum": "1323262",
                    "typemoney": "10"
                },
                {
                    "type": 6,
                    "typenum": "6508642",
                    "typemoney": "5"
                },
                {
                    "type": 7,
                    "typenum": "",
                    "typemoney": ""
                }
            ]
        },
        {
            "name": "双色球",
            "code": "2019006",
            "detailsLink": "/c/2019/01/13/447902.shtml",
            "videoLink": "/c/2019/01/13/447901.shtml",
            "date": "2019-01-13(日)",
            "week": "日",
            "red": "01,05,10,19,26,28",
            "blue": "12",
            "blue2": "",
            "sales": "375825296",
            "poolmoney": "1211353738",
            "content": "北京2注,山西1注,辽宁1注,黑龙江1注,江西1注,贵州1注,云南25注,共32注。",
            "addmoney": "",
            "addmoney2": "",
            "msg": "",
            "z2add": "",
            "m2add": "",
            "prizegrades": [
                {
                    "type": 1,
                    "typenum": "32",
                    "typemoney": "5514887"
                },
                {
                    "type": 2,
                    "typenum": "96",
                    "typemoney": "214536"
                },
                {
                    "type": 3,
                    "typenum": "1820",
                    "typemoney": "3000"
                },
                {
                    "type": 4,
                    "typenum": "83388",
                    "typemoney": "200"
                },
                {
                    "type": 5,
                    "typenum": "1500047",
                    "typemoney": "10"
                },
                {
                    "type": 6,
                    "typenum": "12926873",
                    "typemoney": "5"
                },
                {
                    "type": 7,
                    "typenum": "",
                    "typemoney": ""
                }
            ]
        },
        {
            "name": "双色球",
            "code": "2019005",
            "detailsLink": "/c/2019/01/10/447889.shtml",
            "videoLink": "/c/2019/01/10/447888.shtml",
            "date": "2019-01-10(四)",
            "week": "四",
            "red": "21,22,26,28,31,32",
            "blue": "07",
            "blue2": "",
            "sales": "343365078",
            "poolmoney": "1326043660",
            "content": "江苏3注,福建1注,江西1注,河南1注,广东2注,广西1注,深圳2注,共11注。",
            "addmoney": "",
            "addmoney2": "",
            "msg": "",
            "z2add": "",
            "m2add": "",
            "prizegrades": [
                {
                    "type": 1,
                    "typenum": "11",
                    "typemoney": "6133650"
                },
                {
                    "type": 2,
                    "typenum": "68",
                    "typemoney": "229230"
                },
                {
                    "type": 3,
                    "typenum": "1308",
                    "typemoney": "3000"
                },
                {
                    "type": 4,
                    "typenum": "61547",
                    "typemoney": "200"
                },
                {
                    "type": 5,
                    "typenum": "1102950",
                    "typemoney": "10"
                },
                {
                    "type": 6,
                    "typenum": "15727044",
                    "typemoney": "5"
                },
                {
                    "type": 7,
                    "typenum": "",
                    "typemoney": ""
                }
            ]
        },
        {
            "name": "双色球",
            "code": "2019004",
            "detailsLink": "/c/2019/01/08/447779.shtml",
            "videoLink": "/c/2019/01/08/447778.shtml",
            "date": "2019-01-08(二)",
            "week": "二",
            "red": "08,12,16,19,26,32",
            "blue": "03",
            "blue2": "",
            "sales": "338080388",
            "poolmoney": "1346750738",
            "content": "辽宁1注,江苏2注,河南1注,四川2注,贵州1注,新疆1注,共8注。",
            "addmoney": "",
            "addmoney2": "",
            "msg": "",
            "z2add": "",
            "m2add": "",
            "prizegrades": [
                {
                    "type": 1,
                    "typenum": "8",
                    "typemoney": "7428584"
                },
                {
                    "type": 2,
                    "typenum": "222",
                    "typemoney": "109395"
                },
                {
                    "type": 3,
                    "typenum": "1308",
                    "typemoney": "3000"
                },
                {
                    "type": 4,
                    "typenum": "69480",
                    "typemoney": "200"
                },
                {
                    "type": 5,
                    "typenum": "1385574",
                    "typemoney": "10"
                },
                {
                    "type": 6,
                    "typenum": "7368055",
                    "typemoney": "5"
                },
                {
                    "type": 7,
                    "typenum": "",
                    "typemoney": ""
                }
            ]
        },
        {
            "name": "双色球",
            "code": "2019003",
            "detailsLink": "/c/2019/01/06/447669.shtml",
            "videoLink": "/c/2019/01/06/447668.shtml",
            "date": "2019-01-06(日)",
            "week": "日",
            "red": "13,17,20,21,22,27",
            "blue": "01",
            "blue2": "",
            "sales": "373728002",
            "poolmoney": "1333321882",
            "content": "上海1注,浙江1注,山东2注,陕西1注,共5注。",
            "addmoney": "",
            "addmoney2": "",
            "msg": "",
            "z2add": "",
            "m2add": "",
            "prizegrades": [
                {
                    "type": 1,
                    "typenum": "5",
                    "typemoney": "9635283"
                },
                {
                    "type": 2,
                    "typenum": "129",
                    "typemoney": "224577"
                },
                {
                    "type": 3,
                    "typenum": "920",
                    "typemoney": "3000"
                },
                {
                    "type": 4,
                    "typenum": "59266",
                    "typemoney": "200"
                },
                {
                    "type": 5,
                    "typenum": "1278481",
                    "typemoney": "10"
                },
                {
                    "type": 6,
                    "typenum": "7969323",
                    "typemoney": "5"
                },
                {
                    "type": 7,
                    "typenum": "",
                    "typemoney": ""
                }
            ]
        },
        {
            "name": "双色球",
            "code": "2019002",
            "detailsLink": "/c/2019/01/03/447556.shtml",
            "videoLink": "/c/2019/01/03/447555.shtml",
            "date": "2019-01-03(四)",
            "week": "四",
            "red": "04,05,06,08,09,18",
            "blue": "11",
            "blue2": "",
            "sales": "345144344",
            "poolmoney": "1294586730",
            "content": "北京1注,上海1注,河南5注,广东1注,四川1注,共9注。",
            "addmoney": "",
            "addmoney2": "",
            "msg": "",
            "z2add": "",
            "m2add": "",
            "prizegrades": [
                {
                    "type": 1,
                    "typenum": "9",
                    "typemoney": "7273230"
                },
                {
                    "type": 2,
                    "typenum": "129",
                    "typemoney": "198246"
                },
                {
                    "type": 3,
                    "typenum": "1352",
                    "typemoney": "3000"
                },
                {
                    "type": 4,
                    "typenum": "74631",
                    "typemoney": "200"
                },
                {
                    "type": 5,
                    "typenum": "1506728",
                    "typemoney": "10"
                },
                {
                    "type": 6,
                    "typenum": "6555174",
                    "typemoney": "5"
                },
                {
                    "type": 7,
                    "typenum": "",
                    "typemoney": ""
                }
            ]
        },
        {
            "name": "双色球",
            "code": "2019001",
            "detailsLink": "/c/2019/01/01/447346.shtml",
            "videoLink": "/c/2019/01/01/447345.shtml",
            "date": "2019-01-01(二)",
            "week": "二",
            "red": "06,10,13,15,32,33",
            "blue": "15",
            "blue2": "",
            "sales": "341453440",
            "poolmoney": "1283324272",
            "content": "浙江1注,山东1注,重庆1注,云南1注,深圳10注,共14注。",
            "addmoney": "",
            "addmoney2": "",
            "msg": "",
            "z2add": "",
            "m2add": "",
            "prizegrades": [
                {
                    "type": 1,
                    "typenum": "14",
                    "typemoney": "6657038"
                },
                {
                    "type": 2,
                    "typenum": "147",
                    "typemoney": "197266"
                },
                {
                    "type": 3,
                    "typenum": "822",
                    "typemoney": "3000"
                },
                {
                    "type": 4,
                    "typenum": "47264",
                    "typemoney": "200"
                },
                {
                    "type": 5,
                    "typenum": "1059312",
                    "typemoney": "10"
                },
                {
                    "type": 6,
                    "typenum": "5761518",
                    "typemoney": "5"
                },
                {
                    "type": 7,
                    "typenum": "",
                    "typemoney": ""
                }
            ]
        }
    ]
}