{
    "state": 0,
    "message": "查询成功",
    "pageCount": 2,
    "countNum": 154,
    "Tflag": 1,
    "result": [
        {
            "name": "双色球",
            "code": "2015100",
            "detailsLink": "/c/2015/08/27/395788.shtml",
            "videoLink": "",
            "date": "2015-08-27(四)",
            "week": "四",
            "red": "02,03,11,17,19,21",
            "blue": "08",
            "blue2": "",
            "sales": "302573068",
            "poolmoney": "821878422",
            "content": "北京1注,福建1注,共2注。",
            "addmoney": "",
            "addmoney2": "",
            "msg": "",
            "z2add": "",
            "m2add": "",
            "prizegrades": [
                {
                    "type": 1,
                    "typenum": "2",
                    "typemoney": "10000000"
                },
                {
                    "type": 2,
                    "typenum": "107",
                    "typemoney": "154789"
                },
                {
                    "type": 3,
                    "typenum": "1725",
                    "typemoney": "3000"
                },
                {
                    "type": 4,
                    "typenum": "75620",
                    "typemoney": "200"
                },
                {
                    "type": 5,
                    "typenum": "1323448",
                    "typemoney": "10"
                },
                {
                    "type": 6,
                    "typenum": "9695525",
                    "typemoney": "5"
                },
                {
                    "type": 7,
                    "typenum": "",
                    "typemoney": ""
                }
            ]
        },
        {
            "name": "双色球",
            "code": "2015099",
            "detailsLink": "/c/2015/08/25/395724.shtml",
            "videoLink": "",
            "date": "2015-08-25(二)",
            "week": "二",
            "red": "06,07,10,11,14,22",
            "blue": "09",
            "blue2": "",
            "sales": "297598058",
            "poolmoney": "792191150",
            "content": "北京1注,内蒙古1注,辽宁1注,浙江1注,云南1注,共5注。",
            "addmoney": "",
            "addmoney2": "",
            "msg": "",
            "z2add": "",
            "m2add": "",
            "prizegrades": [
                {
                    "type": 1,
                    "typenum": "5",
                    "typemoney": "6792739"
                },
                {
                    "type": 2,
                    "typenum": "91",
                    "typemoney": "123127"
                },
                {
                    "type": 3,
                    "typenum": "1852",
                    "typemoney": "3000"
                },
                {
                    "type": 4,
                    "typenum": "88452",
                    "typemoney": "200"
                },
                {
                    "type": 5,
                    "typenum": "1519445",
                    "typemoney": "10"
                },
                {
                    "type": 6,
                    "typenum": "12512740",
                    "typemoney": "5"
                },
                {
                    "type": 7,
                    "typenum": "",
                    "typemoney": ""
                }
            ]
        },
        {
            "name": "双色球",
            "code": "2015098",
            "detailsLink": "/c/2015/08/23/395651.shtml",
            "videoLink": "",
            "date": "2015-08-23(日)",
            "week": "日",
            "red": "06,09,13,26,27,33",
            "blue": "01",
            "blue2": "",
            "sales": "329104206",
            "poolmoney": "792540978",
            "content": "河北1注,贵州1注,陕西1注,共3注。",
            "addmoney": "",
            "addmoney2": "",
            "msg": "",
            "z2add": "",
            "m2add": "",
            "prizegrades": [
                {
                    "type": 1,
                    "typenum": "3",
                    "typemoney": "10000000"
                },
                {
                    "type": 2,
                    "typenum": "145",
                    "typemoney": "187136"
                },
                {
                    "type": 3,
                    "typenum": "814",
                    "typemoney": "3000"
                },
                {
                    "type": 4,
                    "typenum": "46200",
                    "typemoney": "200"
                },
                {
                    "type": 5,
                    "typenum": "954499",
                    "typemoney": "10"
                },
                {
                    "type": 6,
                    "typenum": "6298978",
                    "typemoney": "5"
                },
                {
                    "type": 7,
                    "typenum": "",
                    "typemoney": ""
                }
            ]
        },
        {
            "name": "双色球",
            "code": "2015097",
            "detailsLink": "/c/2015/08/20/395606.shtml",
            "videoLink": "",
            "date": "2015-08-20(四)",
            "week": "四",
            "red": "09,12,14,20,26,27",
            "blue": "04",
            "blue2": "",
            "sales": "298570222",
            "poolmoney": "741136594",
            "content": "河北1注,辽宁1注,吉林1注,浙江3注,福建1注,湖南1注,海南1注,云南1注,深圳1注,共11注。",
            "addmoney": "",
            "addmoney2": "",
            "msg": "",
            "z2add": "",
            "m2add": "",
            "prizegrades": [
                {
                    "type": 1,
                    "typenum": "11",
                    "typemoney": "6333323"
                },
                {
                    "type": 2,
                    "typenum": "827",
                    "typemoney": "22168"
                },
                {
                    "type": 3,
                    "typenum": "2244",
                    "typemoney": "3000"
                },
                {
                    "type": 4,
                    "typenum": "100867",
                    "typemoney": "200"
                },
                {
                    "type": 5,
                    "typenum": "1597241",
                    "typemoney": "10"
                },
                {
                    "type": 6,
                    "typenum": "6017758",
                    "typemoney": "5"
                },
                {
                    "type": 7,
                    "typenum": "",
                    "typemoney": ""
                }
            ]
        },
        {
            "name": "双色球",
            "code": "2015096",
            "detailsLink": "/c/2015/08/18/395539.shtml",
            "videoLink": "",
            "date": "2015-08-18(二)",
            "week": "二",
            "red": "06,16,17,23,24,31",
            "blue": "07",
            "blue2": "",
            "sales": "294260644",
            "poolmoney": "755803560",
            "content": "上海1注,浙江1注,安徽1注,山东2注,河南1注,湖北3注,云南1注,共10注。",
            "addmoney": "",
            "addmoney2": "",
            "msg": "",
            "z2add": "",
            "m2add": "",
            "prizegrades": [
                {
                    "type": 1,
                    "typenum": "10",
                    "typemoney": "6195096"
                },
                {
                    "type": 2,
                    "typenum": "100",
                    "typemoney": "149387"
                },
                {
                    "type": 3,
                    "typenum": "1621",
                    "typemoney": "3000"
                },
                {
                    "type": 4,
                    "typenum": "66248",
                    "typemoney": "200"
                },
                {
                    "type": 5,
                    "typenum": "1106862",
                    "typemoney": "10"
                },
                {
                    "type": 6,
                    "typenum": "11050338",
                    "typemoney": "5"
                },
                {
                    "type": 7,
                    "typenum": "",
                    "typemoney": ""
                }
            ]
        },
        {
            "name": "双色球",
            "code": "2015095",
            "detailsLink": "/c/2015/08/16/395459.shtml",
            "videoLink": "",
            "date": "2015-08-16(日)",
            "week": "日",
            "red": "04,15,21,28,30,31",
            "blue": "04",
            "blue2": "",
            "sales": "325059832",
            "poolmoney": "772938425",
            "content": "浙江1注,云南1注,陕西2注,青海1注,共5注。",
            "addmoney": "",
            "addmoney2": "",
            "msg": "",
            "z2add": "",
            "m2add": "",
            "prizegrades": [
                {
                    "type": 1,
                    "typenum": "5",
                    "typemoney": "8725465"
                },
                {
                    "type": 2,
                    "typenum": "76",
                    "typemoney": "306370"
                },
                {
                    "type": 3,
                    "typenum": "909",
                    "typemoney": "3000"
                },
                {
                    "type": 4,
                    "typenum": "50844",
                    "typemoney": "200"
                },
                {
                    "type": 5,
                    "typenum": "982043",
                    "typemoney": "10"
                },
                {
                    "type": 6,
                    "typenum": "8685292",
                    "typemoney": "5"
                },
                {
                    "type": 7,
                    "typenum": "",
                    "typemoney": ""
                }
            ]
        },
        {
            "name": "双色球",
            "code": "2015094",
            "detailsLink": "/c/2015/08/13/395425.shtml",
            "videoLink": "",
            "date": "2015-08-13(四)",
            "week": "四",
            "red": "01,04,06,13,16,17",
            "blue": "10",
            "blue2": "",
            "sales": "295713760",
            "poolmoney": "746713280",
            "content": "吉林2注,山东2注,广东1注,共5注。",
            "addmoney": "",
            "addmoney2": "",
            "msg": "",
            "z2add": "",
            "m2add": "",
            "prizegrades": [
                {
                    "type": 1,
                    "typenum": "5",
                    "typemoney": "7135415"
                },
                {
                    "type": 2,
                    "typenum": "85",
                    "typemoney": "157015"
                },
                {
                    "type": 3,
                    "typenum": "1543",
                    "typemoney": "3000"
                },
                {
                    "type": 4,
                    "typenum": "76404",
                    "typemoney": "200"
                },
                {
                    "type": 5,
                    "typenum": "1345187",
                    "typemoney": "10"
                },
                {
                    "type": 6,
                    "typenum": "11630538",
                    "typemoney": "5"
                },
                {
                    "type": 7,
                    "typenum": "",
                    "typemoney": ""
                }
            ]
        },
        {
            "name": "双色球",
            "code": "2015093",
            "detailsLink": "/c/2015/08/11/395368.shtml",
            "videoLink": "",
            "date": "2015-08-11(二)",
            "week": "二",
            "red": "01,03,13,21,25,31",
            "blue": "08",
            "blue2": "",
            "sales": "292493392",
            "poolmoney": "742351320",
            "content": "上海1注,山东1注,深圳2注,共4注。",
            "addmoney": "",
            "addmoney2": "",
            "msg": "",
            "z2add": "",
            "m2add": "",
            "prizegrades": [
                {
                    "type": 1,
                    "typenum": "4",
                    "typemoney": "7438046"
                },
                {
                    "type": 2,
                    "typenum": "97",
                    "typemoney": "125672"
                },
                {
                    "type": 3,
                    "typenum": "1322",
                    "typemoney": "3000"
                },
                {
                    "type": 4,
                    "typenum": "65694",
                    "typemoney": "200"
                },
                {
                    "type": 5,
                    "typenum": "1169922",
                    "typemoney": "10"
                },
                {
                    "type": 6,
                    "typenum": "13151362",
                    "typemoney": "5"
                },
                {
                    "type": 7,
                    "typenum": "",
                    "typemoney": ""
                }
            ]
        },
        {
            "name": "双色球",
            "code": "2015092",
            "detailsLink": "/c/2015/08/09/395277.shtml",
            "videoLink": "",
            "date": "2015-08-09(日)",
            "week": "日",
            "red": "09,15,19,21,26,27",
            "blue": "01",
            "blue2": "",
            "sales": "318089362",
            "poolmoney": "735532810",
            "content": "上海1注,浙江2注,重庆1注,广西1注,共5注。",
            "addmoney": "",
            "addmoney2": "",
            "msg": "",
            "z2add": "",
            "m2add": "",
            "prizegrades": [
                {
                    "type": 1,
                    "typenum": "5",
                    "typemoney": "9035361"
                },
                {
                    "type": 2,
                    "typenum": "359",
                    "typemoney": "70253"
                },
                {
                    "type": 3,
                    "typenum": "987",
                    "typemoney": "3000"
                },
                {
                    "type": 4,
                    "typenum": "67505",
                    "typemoney": "200"
                },
                {
                    "type": 5,
                    "typenum": "1358307",
                    "typemoney": "10"
                },
                {
                    "type": 6,
                    "typenum": "4986934",
                    "typemoney": "5"
                },
                {
                    "type": 7,
                    "typenum": "",
                    "typemoney": ""
                }
            ]
        },
        {
            "name": "双色球",
            "code": "2015091",
            "detailsLink": "/c/2015/08/06/395228.shtml",
            "videoLink": "",
            "date": "2015-08-06(四)",
            "week": "四",
            "red": "05,07,17,19,22,31",
            "blue": "11",
            "blue2": "",
            "sales": "285818388",
            "poolmoney": "705046588",
            "content": "福建1注,广东2注,广西1注,共4注。",
            "addmoney": "",
            "addmoney2": "",
            "msg": "",
            "z2add": "",
            "m2add": "",
            "prizegrades": [
                {
                    "type": 1,
                    "typenum": "4",
                    "typemoney": "9088608"
                },
                {
                    "type": 2,
                    "typenum": "105",
                    "typemoney": "194695"
                },
                {
                    "type": 3,
                    "typenum": "1122",
                    "typemoney": "3000"
                },
                {
                    "type": 4,
                    "typenum": "53360",
                    "typemoney": "200"
                },
                {
                    "type": 5,
                    "typenum": "1042572",
                    "typemoney": "10"
                },
                {
                    "type": 6,
                    "typenum": "6763025",
                    "typemoney": "5"
                },
                {
                    "type": 7,
                    "typenum": "",
                    "typemoney": ""
                }
            ]
        },
        {
            "name": "双色球",
            "code": "2015090",
            "detailsLink": "/c/2015/08/04/395159.shtml",
            "videoLink": "",
            "date": "2015-08-04(二)",
            "week": "二",
            "red": "10,12,14,22,25,33",
            "blue": "15",
            "blue2": "",
            "sales": "282983042",
            "poolmoney": "680071900",
            "content": "山东1注,新疆1注,共2注。",
            "addmoney": "",
            "addmoney2": "",
            "msg": "",
            "z2add": "",
            "m2add": "",
            "prizegrades": [
                {
                    "type": 1,
                    "typenum": "2",
                    "typemoney": "10000000"
                },
                {
                    "type": 2,
                    "typenum": "50",
                    "typemoney": "499546"
                },
                {
                    "type": 3,
                    "typenum": "558",
                    "typemoney": "3000"
                },
                {
                    "type": 4,
                    "typenum": "31431",
                    "typemoney": "200"
                },
                {
                    "type": 5,
                    "typenum": "724261",
                    "typemoney": "10"
                },
                {
                    "type": 6,
                    "typenum": "4709897",
                    "typemoney": "5"
                },
                {
                    "type": 7,
                    "typenum": "",
                    "typemoney": ""
                }
            ]
        },
        {
            "name": "双色球",
            "code": "2015089",
            "detailsLink": "/c/2015/08/02/395058.shtml",
            "videoLink": "",
            "date": "2015-08-02(日)",
            "week": "日",
            "red": "12,14,19,27,28,29",
            "blue": "01",
            "blue2": "",
            "sales": "311873350",
            "poolmoney": "625139856",
            "content": "湖北1注,陕西1注,深圳1注,共3注。",
            "addmoney": "",
            "addmoney2": "",
            "msg": "",
            "z2add": "",
            "m2add": "",
            "prizegrades": [
                {
                    "type": 1,
                    "typenum": "3",
                    "typemoney": "10000000"
                },
                {
                    "type": 2,
                    "typenum": "94",
                    "typemoney": "258676"
                },
                {
                    "type": 3,
                    "typenum": "871",
                    "typemoney": "3000"
                },
                {
                    "type": 4,
                    "typenum": "42269",
                    "typemoney": "200"
                },
                {
                    "type": 5,
                    "typenum": "924263",
                    "typemoney": "10"
                },
                {
                    "type": 6,
                    "typenum": "7049224",
                    "typemoney": "5"
                },
                {
                    "type": 7,
                    "typenum": "",
                    "typemoney": ""
                }
            ]
        },
        {
            "name": "双色球",
            "code": "2015088",
            "detailsLink": "/c/2015/07/30/395007.shtml",
            "videoLink": "",
            "date": "2015-07-30(四)",
            "week": "四",
            "red": "02,12,20,24,29,31",
            "blue": "09",
            "blue2": "",
            "sales": "287667610",
            "poolmoney": "582193066",
            "content": "山西1注,山东1注,河南10注,广东1注,共13注。",
            "addmoney": "",
            "addmoney2": "",
            "msg": "",
            "z2add": "",
            "m2add": "",
            "prizegrades": [
                {
                    "type": 1,
                    "typenum": "13",
                    "typemoney": "6015726"
                },
                {
                    "type": 2,
                    "typenum": "41",
                    "typemoney": "402574"
                },
                {
                    "type": 3,
                    "typenum": "1441",
                    "typemoney": "3000"
                },
                {
                    "type": 4,
                    "typenum": "55112",
                    "typemoney": "200"
                },
                {
                    "type": 5,
                    "typenum": "1022282",
                    "typemoney": "10"
                },
                {
                    "type": 6,
                    "typenum": "9873340",
                    "typemoney": "5"
                },
                {
                    "type": 7,
                    "typenum": "",
                    "typemoney": ""
                }
            ]
        },
        {
            "name": "双色球",
            "code": "2015087",
            "detailsLink": "/c/2015/07/28/394929.shtml",
            "videoLink": "",
            "date": "2015-07-28(二)",
            "week": "二",
            "red": "09,15,16,19,20,28",
            "blue": "11",
            "blue2": "",
            "sales": "280174514",
            "poolmoney": "610880852",
            "content": "贵州1注,共1注。",
            "addmoney": "",
            "addmoney2": "",
            "msg": "",
            "z2add": "",
            "m2add": "",
            "prizegrades": [
                {
                    "type": 1,
                    "typenum": "1",
                    "typemoney": "10000000"
                },
                {
                    "type": 2,
                    "typenum": "136",
                    "typemoney": "132818"
                },
                {
                    "type": 3,
                    "typenum": "1399",
                    "typemoney": "3000"
                },
                {
                    "type": 4,
                    "typenum": "66025",
                    "typemoney": "200"
                },
                {
                    "type": 5,
                    "typenum": "1192732",
                    "typemoney": "10"
                },
                {
                    "type": 6,
                    "typenum": "7140611",
                    "typemoney": "5"
                },
                {
                    "type": 7,
                    "typenum": "",
                    "typemoney": ""
                }
            ]
        },
        {
            "name": "双色球",
            "code": "2015086",
            "detailsLink": "/c/2015/07/26/394825.shtml",
            "videoLink": "",
            "date": "2015-07-26(日)",
            "week": "日",
            "red": "05,06,08,16,18,22",
            "blue": "12",
            "blue2": "",
            "sales": "308129834",
            "poolmoney": "566691000",
            "content": "山西1注,黑龙江2注,湖南1注,广东1注,贵州1注,共6注。",
            "addmoney": "",
            "addmoney2": "",
            "msg": "",
            "z2add": "",
            "m2add": "",
            "prizegrades": [
                {
                    "type": 1,
                    "typenum": "6",
                    "typemoney": "7078639"
                },
                {
                    "type": 2,
                    "typenum": "115",
                    "typemoney": "135563"
                },
                {
                    "type": 3,
                    "typenum": "1726",
                    "typemoney": "3000"
                },
                {
                    "type": 4,
                    "typenum": "81522",
                    "typemoney": "200"
                },
                {
                    "type": 5,
                    "typenum": "1452114",
                    "typemoney": "10"
                },
                {
                    "type": 6,
                    "typenum": "10524178",
                    "typemoney": "5"
                },
                {
                    "type": 7,
                    "typenum": "",
                    "typemoney": ""
                }
            ]
        },
        {
            "name": "双色球",
            "code": "2015085",
            "detailsLink": "/c/2015/07/23/394775.shtml",
            "videoLink": "",
            "date": "2015-07-23(四)",
            "week": "四",
            "red": "02,08,25,27,28,29",
            "blue": "05",
            "blue2": "",
            "sales": "285325214",
            "poolmoney": "562393449",
            "content": "湖北1注,广西1注,甘肃1注,共3注。",
            "addmoney": "",
            "addmoney2": "",
            "msg": "",
            "z2add": "",
            "m2add": "",
            "prizegrades": [
                {
                    "type": 1,
                    "typenum": "3",
                    "typemoney": "10000000"
                },
                {
                    "type": 2,
                    "typenum": "100",
                    "typemoney": "225652"
                },
                {
                    "type": 3,
                    "typenum": "799",
                    "typemoney": "3000"
                },
                {
                    "type": 4,
                    "typenum": "46003",
                    "typemoney": "200"
                },
                {
                    "type": 5,
                    "typenum": "896327",
                    "typemoney": "10"
                },
                {
                    "type": 6,
                    "typenum": "5797461",
                    "typemoney": "5"
                },
                {
                    "type": 7,
                    "typenum": "",
                    "typemoney": ""
                }
            ]
        },
        {
            "name": "双色球",
            "code": "2015084",
            "detailsLink": "/c/2015/07/21/394698.shtml",
            "videoLink": "",
            "date": "2015-07-21(二)",
            "week": "二",
            "red": "15,18,20,22,28,29",
            "blue": "15",
            "blue2": "",
            "sales": "281884996",
            "poolmoney": "524697570",
            "content": "安徽1注,湖北1注,共2注。",
            "addmoney": "",
            "addmoney2": "",
            "msg": "",
            "z2add": "",
            "m2add": "",
            "prizegrades": [
                {
                    "type": 1,
                    "typenum": "2",
                    "typemoney": "10000000"
                },
                {
                    "type": 2,
                    "typenum": "69",
                    "typemoney": "313379"
                },
                {
                    "type": 3,
                    "typenum": "836",
                    "typemoney": "3000"
                },
                {
                    "type": 4,
                    "typenum": "45063",
                    "typemoney": "200"
                },
                {
                    "type": 5,
                    "typenum": "874427",
                    "typemoney": "10"
                },
                {
                    "type": 6,
                    "typenum": "6273196",
                    "typemoney": "5"
                },
                {
                    "type": 7,
                    "typenum": "",
                    "typemoney": ""
                }
            ]
        },
        {
            "name": "双色球",
            "code": "2015083",
            "detailsLink": "/c/2015/07/19/394631.shtml",
            "videoLink": "",
            "date": "2015-07-19(日)",
            "week": "日",
            "red": "06,07,16,18,29,32",
            "blue": "05",
            "blue2": "",
            "sales": "315704384",
            "poolmoney": "479827975",
            "content": "天津1注,内蒙古1注,上海1注,江苏1注,浙江1注,湖北1注,贵州8注,陕西2注,宁夏1注,共17注。",
            "addmoney": "",
            "addmoney2": "",
            "msg": "",
            "z2add": "",
            "m2add": "",
            "prizegrades": [
                {
                    "type": 1,
                    "typenum": "17",
                    "typemoney": "5885655"
                },
                {
                    "type": 2,
                    "typenum": "235",
                    "typemoney": "80085"
                },
                {
                    "type": 3,
                    "typenum": "1620",
                    "typemoney": "3000"
                },
                {
                    "type": 4,
                    "typenum": "87665",
                    "typemoney": "200"
                },
                {
                    "type": 5,
                    "typenum": "1555877",
                    "typemoney": "10"
                },
                {
                    "type": 6,
                    "typenum": "8292524",
                    "typemoney": "5"
                },
                {
                    "type": 7,
                    "typenum": "",
                    "typemoney": ""
                }
            ]
        },
        {
            "name": "双色球",
            "code": "2015082",
            "detailsLink": "/c/2015/07/16/394595.shtml",
            "videoLink": "",
            "date": "2015-07-16(四)",
            "week": "四",
            "red": "02,08,09,14,28,30",
            "blue": "07",
            "blue2": "",
            "sales": "288017344",
            "poolmoney": "523423566",
            "content": "浙江1注,山东2注,湖北2注,四川1注,共6注。",
            "addmoney": "",
            "addmoney2": "",
            "msg": "",
            "z2add": "",
            "m2add": "",
            "prizegrades": [
                {
                    "type": 1,
                    "typenum": "6",
                    "typemoney": "6293747"
                },
                {
                    "type": 2,
                    "typenum": "97",
                    "typemoney": "100032"
                },
                {
                    "type": 3,
                    "typenum": "2223",
                    "typemoney": "3000"
                },
                {
                    "type": 4,
                    "typenum": "86945",
                    "typemoney": "200"
                },
                {
                    "type": 5,
                    "typenum": "1392367",
                    "typemoney": "10"
                },
                {
                    "type": 6,
                    "typenum": "12866881",
                    "typemoney": "5"
                },
                {
                    "type": 7,
                    "typenum": "",
                    "typemoney": ""
                }
            ]
        },
        {
            "name": "双色球",
            "code": "2015081",
            "detailsLink": "/c/2015/07/14/394529.shtml",
            "videoLink": "",
            "date": "2015-07-14(二)",
            "week": "二",
            "red": "13,20,22,26,28,31",
            "blue": "13",
            "blue2": "",
            "sales": "278500218",
            "poolmoney": "532076736",
            "content": "北京1注,河北2注,湖南1注,四川2注,共6注。",
            "addmoney": "",
            "addmoney2": "",
            "msg": "",
            "z2add": "",
            "m2add": "",
            "prizegrades": [
                {
                    "type": 1,
                    "typenum": "6",
                    "typemoney": "7344875"
                },
                {
                    "type": 2,
                    "typenum": "62",
                    "typemoney": "283654"
                },
                {
                    "type": 3,
                    "typenum": "992",
                    "typemoney": "3000"
                },
                {
                    "type": 4,
                    "typenum": "45265",
                    "typemoney": "200"
                },
                {
                    "type": 5,
                    "typenum": "881682",
                    "typemoney": "10"
                },
                {
                    "type": 6,
                    "typenum": "9054604",
                    "typemoney": "5"
                },
                {
                    "type": 7,
                    "typenum": "",
                    "typemoney": ""
                }
            ]
        },
        {
            "name": "双色球",
            "code": "2015080",
            "detailsLink": "/c/2015/07/12/394459.shtml",
            "videoLink": "",
            "date": "2015-07-12(日)",
            "week": "日",
            "red": "14,17,25,27,28,30",
            "blue": "02",
            "blue2": "",
            "sales": "314150596",
            "poolmoney": "523386294",
            "content": "上海1注,江苏1注,浙江1注,湖南1注,广西1注,四川1注,共6注。",
            "addmoney": "",
            "addmoney2": "",
            "msg": "",
            "z2add": "",
            "m2add": "",
            "prizegrades": [
                {
                    "type": 1,
                    "typenum": "6",
                    "typemoney": "8449609"
                },
                {
                    "type": 2,
                    "typenum": "122",
                    "typemoney": "212066"
                },
                {
                    "type": 3,
                    "typenum": "684",
                    "typemoney": "3000"
                },
                {
                    "type": 4,
                    "typenum": "43898",
                    "typemoney": "200"
                },
                {
                    "type": 5,
                    "typenum": "990619",
                    "typemoney": "10"
                },
                {
                    "type": 6,
                    "typenum": "5941543",
                    "typemoney": "5"
                },
                {
                    "type": 7,
                    "typenum": "",
                    "typemoney": ""
                }
            ]
        },
        {
            "name": "双色球",
            "code": "2015079",
            "detailsLink": "/c/2015/07/09/394390.shtml",
            "videoLink": "",
            "date": "2015-07-09(四)",
            "week": "四",
            "red": "09,14,15,20,26,32",
            "blue": "11",
            "blue2": "",
            "sales": "291775556",
            "poolmoney": "496467738",
            "content": "浙江1注,福建2注,江西1注,山东2注,河南4注,湖南1注,广东2注,海南1注,四川3注,宁夏1注,共18注。",
            "addmoney": "",
            "addmoney2": "",
            "msg": "",
            "z2add": "",
            "m2add": "",
            "prizegrades": [
                {
                    "type": 1,
                    "typenum": "18",
                    "typemoney": "5184871"
                },
                {
                    "type": 2,
                    "typenum": "157",
                    "typemoney": "26494"
                },
                {
                    "type": 3,
                    "typenum": "2895",
                    "typemoney": "3000"
                },
                {
                    "type": 4,
                    "typenum": "101879",
                    "typemoney": "200"
                },
                {
                    "type": 5,
                    "typenum": "1472397",
                    "typemoney": "10"
                },
                {
                    "type": 6,
                    "typenum": "16509372",
                    "typemoney": "5"
                },
                {
                    "type": 7,
                    "typenum": "",
                    "typemoney": ""
                }
            ]
        },
        {
            "name": "双色球",
            "code": "2015078",
            "detailsLink": "/c/2015/07/07/394317.shtml",
            "videoLink": "",
            "date": "2015-07-07(二)",
            "week": "二",
            "red": "03,07,20,22,26,29",
            "blue": "02",
            "blue2": "",
            "sales": "291936416",
            "poolmoney": "577316625",
            "content": "山东2注,甘肃1注,共3注。",
            "addmoney": "",
            "addmoney2": "",
            "msg": "",
            "z2add": "",
            "m2add": "",
            "prizegrades": [
                {
                    "type": 1,
                    "typenum": "3",
                    "typemoney": "10000000"
                },
                {
                    "type": 2,
                    "typenum": "139",
                    "typemoney": "152281"
                },
                {
                    "type": 3,
                    "typenum": "907",
                    "typemoney": "3000"
                },
                {
                    "type": 4,
                    "typenum": "58412",
                    "typemoney": "200"
                },
                {
                    "type": 5,
                    "typenum": "1196621",
                    "typemoney": "10"
                },
                {
                    "type": 6,
                    "typenum": "6402131",
                    "typemoney": "5"
                },
                {
                    "type": 7,
                    "typenum": "",
                    "typemoney": ""
                }
            ]
        },
        {
            "name": "双色球",
            "code": "2015077",
            "detailsLink": "/c/2015/07/05/394229.shtml",
            "videoLink": "",
            "date": "2015-07-05(日)",
            "week": "日",
            "red": "01,06,08,10,13,27",
            "blue": "16",
            "blue2": "",
            "sales": "324775100",
            "poolmoney": "543815196",
            "content": "广东1注,贵州2注,共3注。",
            "addmoney": "",
            "addmoney2": "",
            "msg": "",
            "z2add": "",
            "m2add": "",
            "prizegrades": [
                {
                    "type": 1,
                    "typenum": "3",
                    "typemoney": "10000000"
                },
                {
                    "type": 2,
                    "typenum": "63",
                    "typemoney": "423405"
                },
                {
                    "type": 3,
                    "typenum": "677",
                    "typemoney": "3000"
                },
                {
                    "type": 4,
                    "typenum": "41654",
                    "typemoney": "200"
                },
                {
                    "type": 5,
                    "typenum": "881121",
                    "typemoney": "10"
                },
                {
                    "type": 6,
                    "typenum": "6653724",
                    "typemoney": "5"
                },
                {
                    "type": 7,
                    "typenum": "",
                    "typemoney": ""
                }
            ]
        },
        {
            "name": "双色球",
            "code": "2015076",
            "detailsLink": "/c/2015/07/02/394196.shtml",
            "videoLink": "",
            "date": "2015-07-02(四)",
            "week": "四",
            "red": "01,09,10,19,23,27",
            "blue": "09",
            "blue2": "",
            "sales": "294088268",
            "poolmoney": "493791571",
            "content": "北京1注,河北1注,辽宁2注,江苏1注,浙江3注,福建1注,江西1注,山东1注,河南1注,湖南3注,贵州1注,新疆1注,共17注。",
            "addmoney": "",
            "addmoney2": "",
            "msg": "",
            "z2add": "",
            "m2add": "",
            "prizegrades": [
                {
                    "type": 1,
                    "typenum": "17",
                    "typemoney": "5282081"
                },
                {
                    "type": 2,
                    "typenum": "167",
                    "typemoney": "35893"
                },
                {
                    "type": 3,
                    "typenum": "2903",
                    "typemoney": "3000"
                },
                {
                    "type": 4,
                    "typenum": "112586",
                    "typemoney": "200"
                },
                {
                    "type": 5,
                    "typenum": "1646475",
                    "typemoney": "10"
                },
                {
                    "type": 6,
                    "typenum": "14487071",
                    "typemoney": "5"
                },
                {
                    "type": 7,
                    "typenum": "",
                    "typemoney": ""
                }
            ]
        },
        {
            "name": "双色球",
            "code": "2015075",
            "detailsLink": "/c/2015/06/30/394104.shtml",
            "videoLink": "",
            "date": "2015-06-30(二)",
            "week": "二",
            "red": "06,11,13,19,21,32",
            "blue": "04",
            "blue2": "",
            "sales": "292719690",
            "poolmoney": "565604258",
            "content": "江苏1注,重庆1注,共2注。",
            "addmoney": "",
            "addmoney2": "",
            "msg": "",
            "z2add": "",
            "m2add": "",
            "prizegrades": [
                {
                    "type": 1,
                    "typenum": "2",
                    "typemoney": "10000000"
                },
                {
                    "type": 2,
                    "typenum": "88",
                    "typemoney": "274170"
                },
                {
                    "type": 3,
                    "typenum": "748",
                    "typemoney": "3000"
                },
                {
                    "type": 4,
                    "typenum": "42531",
                    "typemoney": "200"
                },
                {
                    "type": 5,
                    "typenum": "916484",
                    "typemoney": "10"
                },
                {
                    "type": 6,
                    "typenum": "5401946",
                    "typemoney": "5"
                },
                {
                    "type": 7,
                    "typenum": "",
                    "typemoney": ""
                }
            ]
        },
        {
            "name": "双色球",
            "code": "2015074",
            "detailsLink": "/c/2015/06/28/393999.shtml",
            "videoLink": "",
            "date": "2015-06-28(日)",
            "week": "日",
            "red": "04,07,21,25,26,29",
            "blue": "08",
            "blue2": "",
            "sales": "320107256",
            "poolmoney": "513223352",
            "content": "浙江1注,四川1注,共2注。",
            "addmoney": "",
            "addmoney2": "",
            "msg": "",
            "z2add": "",
            "m2add": "",
            "prizegrades": [
                {
                    "type": 1,
                    "typenum": "2",
                    "typemoney": "10000000"
                },
                {
                    "type": 2,
                    "typenum": "79",
                    "typemoney": "261460"
                },
                {
                    "type": 3,
                    "typenum": "1332",
                    "typemoney": "3000"
                },
                {
                    "type": 4,
                    "typenum": "64594",
                    "typemoney": "200"
                },
                {
                    "type": 5,
                    "typenum": "1224396",
                    "typemoney": "10"
                },
                {
                    "type": 6,
                    "typenum": "9014473",
                    "typemoney": "5"
                },
                {
                    "type": 7,
                    "typenum": "",
                    "typemoney": ""
                }
            ]
        },
        {
            "name": "双色球",
            "code": "2015073",
            "detailsLink": "/c/2015/06/25/393953.shtml",
            "videoLink": "",
            "date": "2015-06-25(四)",
            "week": "四",
            "red": "01,02,17,22,26,27",
            "blue": "04",
            "blue2": "",
            "sales": "293054328",
            "poolmoney": "471257280",
            "content": "江苏2注,浙江1注,湖北1注,四川1注,共5注。",
            "addmoney": "",
            "addmoney2": "",
            "msg": "",
            "z2add": "",
            "m2add": "",
            "prizegrades": [
                {
                    "type": 1,
                    "typenum": "5",
                    "typemoney": "8090468"
                },
                {
                    "type": 2,
                    "typenum": "103",
                    "typemoney": "187528"
                },
                {
                    "type": 3,
                    "typenum": "1512",
                    "typemoney": "3000"
                },
                {
                    "type": 4,
                    "typenum": "64120",
                    "typemoney": "200"
                },
                {
                    "type": 5,
                    "typenum": "1110543",
                    "typemoney": "10"
                },
                {
                    "type": 6,
                    "typenum": "7573898",
                    "typemoney": "5"
                },
                {
                    "type": 7,
                    "typenum": "",
                    "typemoney": ""
                }
            ]
        },
        {
            "name": "双色球",
            "code": "2015072",
            "detailsLink": "/c/2015/06/23/393877.shtml",
            "videoLink": "",
            "date": "2015-06-23(二)",
            "week": "二",
            "red": "01,03,05,20,21,31",
            "blue": "05",
            "blue2": "",
            "sales": "293363242",
            "poolmoney": "453763345",
            "content": "江苏1注,福建3注,湖南1注,共5注。",
            "addmoney": "",
            "addmoney2": "",
            "msg": "",
            "z2add": "",
            "m2add": "",
            "prizegrades": [
                {
                    "type": 1,
                    "typenum": "5",
                    "typemoney": "7815743"
                },
                {
                    "type": 2,
                    "typenum": "82",
                    "typemoney": "214614"
                },
                {
                    "type": 3,
                    "typenum": "1022",
                    "typemoney": "3000"
                },
                {
                    "type": 4,
                    "typenum": "53337",
                    "typemoney": "200"
                },
                {
                    "type": 5,
                    "typenum": "952196",
                    "typemoney": "10"
                },
                {
                    "type": 6,
                    "typenum": "10019806",
                    "typemoney": "5"
                },
                {
                    "type": 7,
                    "typenum": "",
                    "typemoney": ""
                }
            ]
        },
        {
            "name": "双色球",
            "code": "2015071",
            "detailsLink": "/c/2015/06/21/393834.shtml",
            "videoLink": "",
            "date": "2015-06-21(日)",
            "week": "日",
            "red": "08,18,20,28,29,31",
            "blue": "08",
            "blue2": "",
            "sales": "308073950",
            "poolmoney": "440046866",
            "content": "北京2注,吉林1注,江苏3注,浙江1注,安徽3注,广东4注,共14注。",
            "addmoney": "",
            "addmoney2": "",
            "msg": "",
            "z2add": "",
            "m2add": "",
            "prizegrades": [
                {
                    "type": 1,
                    "typenum": "14",
                    "typemoney": "5327923"
                },
                {
                    "type": 2,
                    "typenum": "121",
                    "typemoney": "47426"
                },
                {
                    "type": 3,
                    "typenum": "3562",
                    "typemoney": "3000"
                },
                {
                    "type": 4,
                    "typenum": "126439",
                    "typemoney": "200"
                },
                {
                    "type": 5,
                    "typenum": "1744852",
                    "typemoney": "10"
                },
                {
                    "type": 6,
                    "typenum": "14915858",
                    "typemoney": "5"
                },
                {
                    "type": 7,
                    "typenum": "",
                    "typemoney": ""
                }
            ]
        },
        {
            "name": "双色球",
            "code": "2015070",
            "detailsLink": "/c/2015/06/18/393786.shtml",
            "videoLink": "",
            "date": "2015-06-18(四)",
            "week": "四",
            "red": "01,07,13,19,21,29",
            "blue": "15",
            "blue2": "",
            "sales": "294607168",
            "poolmoney": "497421825",
            "content": "北京1注,河北1注,上海1注,山东1注,广东1注,共5注。",
            "addmoney": "",
            "addmoney2": "",
            "msg": "",
            "z2add": "",
            "m2add": "",
            "prizegrades": [
                {
                    "type": 1,
                    "typenum": "5",
                    "typemoney": "8752485"
                },
                {
                    "type": 2,
                    "typenum": "105",
                    "typemoney": "223362"
                },
                {
                    "type": 3,
                    "typenum": "977",
                    "typemoney": "3000"
                },
                {
                    "type": 4,
                    "typenum": "49974",
                    "typemoney": "200"
                },
                {
                    "type": 5,
                    "typenum": "1025342",
                    "typemoney": "10"
                },
                {
                    "type": 6,
                    "typenum": "5473229",
                    "typemoney": "5"
                },
                {
                    "type": 7,
                    "typenum": "",
                    "typemoney": ""
                }
            ]
        },
        {
            "name": "双色球",
            "code": "2015069",
            "detailsLink": "/c/2015/06/16/393715.shtml",
            "videoLink": "",
            "date": "2015-06-16(二)",
            "week": "二",
            "red": "01,13,17,18,23,30",
            "blue": "15",
            "blue2": "",
            "sales": "292089158",
            "poolmoney": "470825144",
            "content": "黑龙江1注,江苏4注,湖北1注,广东1注,广西1注,共8注。",
            "addmoney": "",
            "addmoney2": "",
            "msg": "",
            "z2add": "",
            "m2add": "",
            "prizegrades": [
                {
                    "type": 1,
                    "typenum": "8",
                    "typemoney": "7071611"
                },
                {
                    "type": 2,
                    "typenum": "108",
                    "typemoney": "191815"
                },
                {
                    "type": 3,
                    "typenum": "1213",
                    "typemoney": "3000"
                },
                {
                    "type": 4,
                    "typenum": "56591",
                    "typemoney": "200"
                },
                {
                    "type": 5,
                    "typenum": "1062501",
                    "typemoney": "10"
                },
                {
                    "type": 6,
                    "typenum": "6935403",
                    "typemoney": "5"
                },
                {
                    "type": 7,
                    "typenum": "",
                    "typemoney": ""
                }
            ]
        },
        {
            "name": "双色球",
            "code": "2015068",
            "detailsLink": "/c/2015/06/14/393636.shtml",
            "videoLink": "",
            "date": "2015-06-14(日)",
            "week": "日",
            "red": "06,15,18,21,26,27",
            "blue": "10",
            "blue2": "",
            "sales": "326767662",
            "poolmoney": "465249696",
            "content": "辽宁1注,浙江1注,安徽1注,山东1注,四川1注,贵州2注,西藏1注,共8注。",
            "addmoney": "",
            "addmoney2": "",
            "msg": "",
            "z2add": "",
            "m2add": "",
            "prizegrades": [
                {
                    "type": 1,
                    "typenum": "8",
                    "typemoney": "7021659"
                },
                {
                    "type": 2,
                    "typenum": "188",
                    "typemoney": "107535"
                },
                {
                    "type": 3,
                    "typenum": "1509",
                    "typemoney": "3000"
                },
                {
                    "type": 4,
                    "typenum": "77972",
                    "typemoney": "200"
                },
                {
                    "type": 5,
                    "typenum": "1377268",
                    "typemoney": "10"
                },
                {
                    "type": 6,
                    "typenum": "9071142",
                    "typemoney": "5"
                },
                {
                    "type": 7,
                    "typenum": "",
                    "typemoney": ""
                }
            ]
        },
        {
            "name": "双色球",
            "code": "2015067",
            "detailsLink": "/c/2015/06/11/393594.shtml",
            "videoLink": "",
            "date": "2015-06-11(四)",
            "week": "四",
            "red": "02,05,08,24,25,31",
            "blue": "14",
            "blue2": "",
            "sales": "296388770",
            "poolmoney": "460773196",
            "content": "福建1注,重庆10注,四川2注,共13注。",
            "addmoney": "",
            "addmoney2": "",
            "msg": "",
            "z2add": "",
            "m2add": "",
            "prizegrades": [
                {
                    "type": 1,
                    "typenum": "13",
                    "typemoney": "6415492"
                },
                {
                    "type": 2,
                    "typenum": "163",
                    "typemoney": "141115"
                },
                {
                    "type": 3,
                    "typenum": "872",
                    "typemoney": "3000"
                },
                {
                    "type": 4,
                    "typenum": "49828",
                    "typemoney": "200"
                },
                {
                    "type": 5,
                    "typenum": "1006585",
                    "typemoney": "10"
                },
                {
                    "type": 6,
                    "typenum": "6115211",
                    "typemoney": "5"
                },
                {
                    "type": 7,
                    "typenum": "",
                    "typemoney": ""
                }
            ]
        },
        {
            "name": "双色球",
            "code": "2015066",
            "detailsLink": "/c/2015/06/09/393504.shtml",
            "videoLink": "",
            "date": "2015-06-09(二)",
            "week": "二",
            "red": "05,08,11,17,24,28",
            "blue": "16",
            "blue2": "",
            "sales": "295073100",
            "poolmoney": "475169355",
            "content": "北京1注,浙江3注,新疆1注,共5注。",
            "addmoney": "",
            "addmoney2": "",
            "msg": "",
            "z2add": "",
            "m2add": "",
            "prizegrades": [
                {
                    "type": 1,
                    "typenum": "5",
                    "typemoney": "8176228"
                },
                {
                    "type": 2,
                    "typenum": "255",
                    "typemoney": "77848"
                },
                {
                    "type": 3,
                    "typenum": "1239",
                    "typemoney": "3000"
                },
                {
                    "type": 4,
                    "typenum": "72273",
                    "typemoney": "200"
                },
                {
                    "type": 5,
                    "typenum": "1315663",
                    "typemoney": "10"
                },
                {
                    "type": 6,
                    "typenum": "6770377",
                    "typemoney": "5"
                },
                {
                    "type": 7,
                    "typenum": "",
                    "typemoney": ""
                }
            ]
        },
        {
            "name": "双色球",
            "code": "2015065",
            "detailsLink": "/c/2015/06/07/393431.shtml",
            "videoLink": "",
            "date": "2015-06-07(日)",
            "week": "日",
            "red": "08,10,14,19,26,29",
            "blue": "12",
            "blue2": "",
            "sales": "326011866",
            "poolmoney": "456496222",
            "content": "福建3注,江西1注,广东3注,共7注。",
            "addmoney": "",
            "addmoney2": "",
            "msg": "",
            "z2add": "",
            "m2add": "",
            "prizegrades": [
                {
                    "type": 1,
                    "typenum": "7",
                    "typemoney": "7823453"
                },
                {
                    "type": 2,
                    "typenum": "127",
                    "typemoney": "194529"
                },
                {
                    "type": 3,
                    "typenum": "993",
                    "typemoney": "3000"
                },
                {
                    "type": 4,
                    "typenum": "61086",
                    "typemoney": "200"
                },
                {
                    "type": 5,
                    "typenum": "1260765",
                    "typemoney": "10"
                },
                {
                    "type": 6,
                    "typenum": "6624218",
                    "typemoney": "5"
                },
                {
                    "type": 7,
                    "typenum": "",
                    "typemoney": ""
                }
            ]
        },
        {
            "name": "双色球",
            "code": "2015064",
            "detailsLink": "/c/2015/06/04/393387.shtml",
            "videoLink": "",
            "date": "2015-06-04(四)",
            "week": "四",
            "red": "11,12,14,17,23,27",
            "blue": "01",
            "blue2": "",
            "sales": "298850352",
            "poolmoney": "437144743",
            "content": "辽宁1注,黑龙江1注,江西1注,山东1注,重庆1注,河南1注,深圳1注,共7注。",
            "addmoney": "",
            "addmoney2": "",
            "msg": "",
            "z2add": "",
            "m2add": "",
            "prizegrades": [
                {
                    "type": 1,
                    "typenum": "7",
                    "typemoney": "7430580"
                },
                {
                    "type": 2,
                    "typenum": "163",
                    "typemoney": "130475"
                },
                {
                    "type": 3,
                    "typenum": "1341",
                    "typemoney": "3000"
                },
                {
                    "type": 4,
                    "typenum": "72313",
                    "typemoney": "200"
                },
                {
                    "type": 5,
                    "typenum": "1361586",
                    "typemoney": "10"
                },
                {
                    "type": 6,
                    "typenum": "5852981",
                    "typemoney": "5"
                },
                {
                    "type": 7,
                    "typenum": "",
                    "typemoney": ""
                }
            ]
        },
        {
            "name": "双色球",
            "code": "2015063",
            "detailsLink": "/c/2015/06/02/393314.shtml",
            "videoLink": "",
            "date": "2015-06-02(二)",
            "week": "二",
            "red": "01,07,09,16,22,32",
            "blue": "12",
            "blue2": "",
            "sales": "291740962",
            "poolmoney": "425356078",
            "content": "河北1注,浙江1注,湖北2注,湖南1注,四川1注,云南1注,共7注。",
            "addmoney": "",
            "addmoney2": "",
            "msg": "",
            "z2add": "",
            "m2add": "",
            "prizegrades": [
                {
                    "type": 1,
                    "typenum": "7",
                    "typemoney": "7072680"
                },
                {
                    "type": 2,
                    "typenum": "183",
                    "typemoney": "99103"
                },
                {
                    "type": 3,
                    "typenum": "1465",
                    "typemoney": "3000"
                },
                {
                    "type": 4,
                    "typenum": "64270",
                    "typemoney": "200"
                },
                {
                    "type": 5,
                    "typenum": "1089509",
                    "typemoney": "10"
                },
                {
                    "type": 6,
                    "typenum": "8453034",
                    "typemoney": "5"
                },
                {
                    "type": 7,
                    "typenum": "",
                    "typemoney": ""
                }
            ]
        },
        {
            "name": "双色球",
            "code": "2015062",
            "detailsLink": "/c/2015/05/31/393238.shtml",
            "videoLink": "",
            "date": "2015-05-31(日)",
            "week": "日",
            "red": "09,14,15,18,21,26",
            "blue": "16",
            "blue2": "",
            "sales": "323470788",
            "poolmoney": "420456986",
            "content": "北京1注,黑龙江1注,共2注。",
            "addmoney": "",
            "addmoney2": "",
            "msg": "",
            "z2add": "",
            "m2add": "",
            "prizegrades": [
                {
                    "type": 1,
                    "typenum": "2",
                    "typemoney": "10000000"
                },
                {
                    "type": 2,
                    "typenum": "88",
                    "typemoney": "280083"
                },
                {
                    "type": 3,
                    "typenum": "856",
                    "typemoney": "3000"
                },
                {
                    "type": 4,
                    "typenum": "48384",
                    "typemoney": "200"
                },
                {
                    "type": 5,
                    "typenum": "988314",
                    "typemoney": "10"
                },
                {
                    "type": 6,
                    "typenum": "7556654",
                    "typemoney": "5"
                },
                {
                    "type": 7,
                    "typenum": "",
                    "typemoney": ""
                }
            ]
        },
        {
            "name": "双色球",
            "code": "2015061",
            "detailsLink": "/c/2015/05/28/393189.shtml",
            "videoLink": "",
            "date": "2015-05-28(四)",
            "week": "四",
            "red": "06,18,22,26,32,33",
            "blue": "04",
            "blue2": "",
            "sales": "300873544",
            "poolmoney": "366514881",
            "content": "河北1注,上海1注,江苏1注,共3注。",
            "addmoney": "",
            "addmoney2": "",
            "msg": "",
            "z2add": "",
            "m2add": "",
            "prizegrades": [
                {
                    "type": 1,
                    "typenum": "3",
                    "typemoney": "10000000"
                },
                {
                    "type": 2,
                    "typenum": "82",
                    "typemoney": "289341"
                },
                {
                    "type": 3,
                    "typenum": "767",
                    "typemoney": "3000"
                },
                {
                    "type": 4,
                    "typenum": "41903",
                    "typemoney": "200"
                },
                {
                    "type": 5,
                    "typenum": "845013",
                    "typemoney": "10"
                },
                {
                    "type": 6,
                    "typenum": "6678467",
                    "typemoney": "5"
                },
                {
                    "type": 7,
                    "typenum": "",
                    "typemoney": ""
                }
            ]
        },
        {
            "name": "双色球",
            "code": "2015060",
            "detailsLink": "/c/2015/05/26/393108.shtml",
            "videoLink": "",
            "date": "2015-05-26(二)",
            "week": "二",
            "red": "01,03,18,27,31,32",
            "blue": "13",
            "blue2": "",
            "sales": "294398362",
            "poolmoney": "325336905",
            "content": "山西1注,辽宁1注,浙江1注,湖北2注,共5注。",
            "addmoney": "",
            "addmoney2": "",
            "msg": "",
            "z2add": "",
            "m2add": "",
            "prizegrades": [
                {
                    "type": 1,
                    "typenum": "5",
                    "typemoney": "7855899"
                },
                {
                    "type": 2,
                    "typenum": "76",
                    "typemoney": "234860"
                },
                {
                    "type": 3,
                    "typenum": "877",
                    "typemoney": "3000"
                },
                {
                    "type": 4,
                    "typenum": "49789",
                    "typemoney": "200"
                },
                {
                    "type": 5,
                    "typenum": "962963",
                    "typemoney": "10"
                },
                {
                    "type": 6,
                    "typenum": "10127855",
                    "typemoney": "5"
                },
                {
                    "type": 7,
                    "typenum": "",
                    "typemoney": ""
                }
            ]
        },
        {
            "name": "双色球",
            "code": "2015059",
            "detailsLink": "/c/2015/05/24/393027.shtml",
            "videoLink": "",
            "date": "2015-05-24(日)",
            "week": "日",
            "red": "02,06,09,16,25,32",
            "blue": "14",
            "blue2": "",
            "sales": "327035284",
            "poolmoney": "311068287",
            "content": "山东1注,湖北1注,宁夏1注,共3注。",
            "addmoney": "",
            "addmoney2": "",
            "msg": "",
            "z2add": "",
            "m2add": "",
            "prizegrades": [
                {
                    "type": 1,
                    "typenum": "3",
                    "typemoney": "10000000"
                },
                {
                    "type": 2,
                    "typenum": "64",
                    "typemoney": "446676"
                },
                {
                    "type": 3,
                    "typenum": "627",
                    "typemoney": "3000"
                },
                {
                    "type": 4,
                    "typenum": "40764",
                    "typemoney": "200"
                },
                {
                    "type": 5,
                    "typenum": "875752",
                    "typemoney": "10"
                },
                {
                    "type": 6,
                    "typenum": "5421342",
                    "typemoney": "5"
                },
                {
                    "type": 7,
                    "typenum": "",
                    "typemoney": ""
                }
            ]
        },
        {
            "name": "双色球",
            "code": "2015058",
            "detailsLink": "/c/2015/05/21/392982.shtml",
            "videoLink": "",
            "date": "2015-05-21(四)",
            "week": "四",
            "red": "02,09,10,18,19,20",
            "blue": "15",
            "blue2": "",
            "sales": "302422308",
            "poolmoney": "255306348",
            "content": "辽宁1注,上海1注,江苏1注,江西1注,湖南2注,广东1注,深圳2注,共9注。",
            "addmoney": "",
            "addmoney2": "",
            "msg": "",
            "z2add": "",
            "m2add": "",
            "prizegrades": [
                {
                    "type": 1,
                    "typenum": "9",
                    "typemoney": "6861751"
                },
                {
                    "type": 2,
                    "typenum": "229",
                    "typemoney": "91461"
                },
                {
                    "type": 3,
                    "typenum": "1392",
                    "typemoney": "3000"
                },
                {
                    "type": 4,
                    "typenum": "71291",
                    "typemoney": "200"
                },
                {
                    "type": 5,
                    "typenum": "1247877",
                    "typemoney": "10"
                },
                {
                    "type": 6,
                    "typenum": "6699025",
                    "typemoney": "5"
                },
                {
                    "type": 7,
                    "typenum": "",
                    "typemoney": ""
                }
            ]
        },
        {
            "name": "双色球",
            "code": "2015057",
            "detailsLink": "/c/2015/05/19/392891.shtml",
            "videoLink": "",
            "date": "2015-05-19(二)",
            "week": "二",
            "red": "09,20,24,25,26,32",
            "blue": "04",
            "blue2": "",
            "sales": "298048220",
            "poolmoney": "254227996",
            "content": "河南1注,云南1注,宁夏1注,新疆1注,共4注。",
            "addmoney": "",
            "addmoney2": "",
            "msg": "",
            "z2add": "",
            "m2add": "",
            "prizegrades": [
                {
                    "type": 1,
                    "typenum": "4",
                    "typemoney": "9523674"
                },
                {
                    "type": 2,
                    "typenum": "69",
                    "typemoney": "327802"
                },
                {
                    "type": 3,
                    "typenum": "879",
                    "typemoney": "3000"
                },
                {
                    "type": 4,
                    "typenum": "45904",
                    "typemoney": "200"
                },
                {
                    "type": 5,
                    "typenum": "939499",
                    "typemoney": "10"
                },
                {
                    "type": 6,
                    "typenum": "6871470",
                    "typemoney": "5"
                },
                {
                    "type": 7,
                    "typenum": "",
                    "typemoney": ""
                }
            ]
        },
        {
            "name": "双色球",
            "code": "2015056",
            "detailsLink": "/c/2015/05/17/392825.shtml",
            "videoLink": "",
            "date": "2015-05-17(日)",
            "week": "日",
            "red": "01,07,08,16,18,20",
            "blue": "14",
            "blue2": "",
            "sales": "333455694",
            "poolmoney": "224467579",
            "content": "安徽1注,湖南5注,广西1注,共7注。",
            "addmoney": "",
            "addmoney2": "",
            "msg": "",
            "z2add": "",
            "m2add": "",
            "prizegrades": [
                {
                    "type": 1,
                    "typenum": "7",
                    "typemoney": "7629173"
                },
                {
                    "type": 2,
                    "typenum": "120",
                    "typemoney": "191710"
                },
                {
                    "type": 3,
                    "typenum": "1013",
                    "typemoney": "3000"
                },
                {
                    "type": 4,
                    "typenum": "54439",
                    "typemoney": "200"
                },
                {
                    "type": 5,
                    "typenum": "1114748",
                    "typemoney": "10"
                },
                {
                    "type": 6,
                    "typenum": "9259589",
                    "typemoney": "5"
                },
                {
                    "type": 7,
                    "typenum": "",
                    "typemoney": ""
                }
            ]
        },
        {
            "name": "双色球",
            "code": "2015055",
            "detailsLink": "/c/2015/05/14/392785.shtml",
            "videoLink": "",
            "date": "2015-05-14(四)",
            "week": "四",
            "red": "01,10,15,18,19,28",
            "blue": "02",
            "blue2": "",
            "sales": "308523870",
            "poolmoney": "208855998",
            "content": "北京1注,黑龙江1注,海南2注,甘肃2注,共6注。",
            "addmoney": "",
            "addmoney2": "",
            "msg": "",
            "z2add": "",
            "m2add": "",
            "prizegrades": [
                {
                    "type": 1,
                    "typenum": "6",
                    "typemoney": "7550060"
                },
                {
                    "type": 2,
                    "typenum": "102",
                    "typemoney": "187504"
                },
                {
                    "type": 3,
                    "typenum": "1531",
                    "typemoney": "3000"
                },
                {
                    "type": 4,
                    "typenum": "69172",
                    "typemoney": "200"
                },
                {
                    "type": 5,
                    "typenum": "1236656",
                    "typemoney": "10"
                },
                {
                    "type": 6,
                    "typenum": "8776187",
                    "typemoney": "5"
                },
                {
                    "type": 7,
                    "typenum": "",
                    "typemoney": ""
                }
            ]
        },
        {
            "name": "双色球",
            "code": "2015054",
            "detailsLink": "/c/2015/05/12/392714.shtml",
            "videoLink": "",
            "date": "2015-05-12(二)",
            "week": "二",
            "red": "01,02,07,10,22,26",
            "blue": "07",
            "blue2": "",
            "sales": "305342532",
            "poolmoney": "196780010",
            "content": "辽宁1注,浙江1注,山东1注,河南3注,广东2注,甘肃1注,深圳1注,共10注。",
            "addmoney": "",
            "addmoney2": "",
            "msg": "",
            "z2add": "",
            "m2add": "",
            "prizegrades": [
                {
                    "type": 1,
                    "typenum": "10",
                    "typemoney": "6362719"
                },
                {
                    "type": 2,
                    "typenum": "82",
                    "typemoney": "207731"
                },
                {
                    "type": 3,
                    "typenum": "1068",
                    "typemoney": "3000"
                },
                {
                    "type": 4,
                    "typenum": "57775",
                    "typemoney": "200"
                },
                {
                    "type": 5,
                    "typenum": "1053818",
                    "typemoney": "10"
                },
                {
                    "type": 6,
                    "typenum": "11236934",
                    "typemoney": "5"
                },
                {
                    "type": 7,
                    "typenum": "",
                    "typemoney": ""
                }
            ]
        },
        {
            "name": "双色球",
            "code": "2015053",
            "detailsLink": "/c/2015/05/10/392656.shtml",
            "videoLink": "",
            "date": "2015-05-10(日)",
            "week": "日",
            "red": "03,07,17,22,32,33",
            "blue": "10",
            "blue2": "",
            "sales": "337772948",
            "poolmoney": "209305224",
            "content": "黑龙江2注,上海1注,安徽3注,福建1注,河南1注,陕西1注,共9注。",
            "addmoney": "",
            "addmoney2": "",
            "msg": "",
            "z2add": "",
            "m2add": "",
            "prizegrades": [
                {
                    "type": 1,
                    "typenum": "9",
                    "typemoney": "7062590"
                },
                {
                    "type": 2,
                    "typenum": "265",
                    "typemoney": "87562"
                },
                {
                    "type": 3,
                    "typenum": "1306",
                    "typemoney": "3000"
                },
                {
                    "type": 4,
                    "typenum": "64727",
                    "typemoney": "200"
                },
                {
                    "type": 5,
                    "typenum": "1177047",
                    "typemoney": "10"
                },
                {
                    "type": 6,
                    "typenum": "8811661",
                    "typemoney": "5"
                },
                {
                    "type": 7,
                    "typenum": "",
                    "typemoney": ""
                }
            ]
        },
        {
            "name": "双色球",
            "code": "2015052",
            "detailsLink": "/c/2015/05/07/392607.shtml",
            "videoLink": "",
            "date": "2015-05-07(四)",
            "week": "四",
            "red": "02,04,11,16,25,26",
            "blue": "12",
            "blue2": "",
            "sales": "312855530",
            "poolmoney": "203256114",
            "content": "北京1注,河北1注,辽宁1注,上海1注,浙江5注,山东2注,湖北1注,湖南1注,广东1注,云南1注,陕西1注,甘肃1注,共17注。",
            "addmoney": "",
            "addmoney2": "",
            "msg": "",
            "z2add": "",
            "m2add": "",
            "prizegrades": [
                {
                    "type": 1,
                    "typenum": "17",
                    "typemoney": "5756703"
                },
                {
                    "type": 2,
                    "typenum": "85",
                    "typemoney": "189175"
                },
                {
                    "type": 3,
                    "typenum": "1759",
                    "typemoney": "3000"
                },
                {
                    "type": 4,
                    "typenum": "76691",
                    "typemoney": "200"
                },
                {
                    "type": 5,
                    "typenum": "1312696",
                    "typemoney": "10"
                },
                {
                    "type": 6,
                    "typenum": "11047442",
                    "typemoney": "5"
                },
                {
                    "type": 7,
                    "typenum": "",
                    "typemoney": ""
                }
            ]
        },
        {
            "name": "双色球",
            "code": "2015051",
            "detailsLink": "/c/2015/05/05/392513.shtml",
            "videoLink": "",
            "date": "2015-05-05(二)",
            "week": "二",
            "red": "04,10,24,26,28,32",
            "blue": "09",
            "blue2": "",
            "sales": "311895918",
            "poolmoney": "252880206",
            "content": "山东2注,陕西1注,共3注。",
            "addmoney": "",
            "addmoney2": "",
            "msg": "",
            "z2add": "",
            "m2add": "",
            "prizegrades": [
                {
                    "type": 1,
                    "typenum": "3",
                    "typemoney": "9394471"
                },
                {
                    "type": 2,
                    "typenum": "107",
                    "typemoney": "154011"
                },
                {
                    "type": 3,
                    "typenum": "1493",
                    "typemoney": "3000"
                },
                {
                    "type": 4,
                    "typenum": "75965",
                    "typemoney": "200"
                },
                {
                    "type": 5,
                    "typenum": "1350021",
                    "typemoney": "10"
                },
                {
                    "type": 6,
                    "typenum": "10747944",
                    "typemoney": "5"
                },
                {
                    "type": 7,
                    "typenum": "",
                    "typemoney": ""
                }
            ]
        },
        {
            "name": "双色球",
            "code": "2015050",
            "detailsLink": "/c/2015/05/03/392430.shtml",
            "videoLink": "",
            "date": "2015-05-03(日)",
            "week": "日",
            "red": "03,09,12,16,17,31",
            "blue": "04",
            "blue2": "",
            "sales": "330490908",
            "poolmoney": "231625820",
            "content": "黑龙江1注,浙江1注,广东1注,云南1注,共4注。",
            "addmoney": "",
            "addmoney2": "",
            "msg": "",
            "z2add": "",
            "m2add": "",
            "prizegrades": [
                {
                    "type": 1,
                    "typenum": "4",
                    "typemoney": "8472759"
                },
                {
                    "type": 2,
                    "typenum": "82",
                    "typemoney": "211753"
                },
                {
                    "type": 3,
                    "typenum": "1312",
                    "typemoney": "3000"
                },
                {
                    "type": 4,
                    "typenum": "63068",
                    "typemoney": "200"
                },
                {
                    "type": 5,
                    "typenum": "1156946",
                    "typemoney": "10"
                },
                {
                    "type": 6,
                    "typenum": "12873260",
                    "typemoney": "5"
                },
                {
                    "type": 7,
                    "typenum": "",
                    "typemoney": ""
                }
            ]
        },
        {
            "name": "双色球",
            "code": "2015049",
            "detailsLink": "/c/2015/04/30/392420.shtml",
            "videoLink": "",
            "date": "2015-04-30(四)",
            "week": "四",
            "red": "07,12,14,17,20,23",
            "blue": "05",
            "blue2": "",
            "sales": "304091626",
            "poolmoney": "213425469",
            "content": "河北1注,安徽1注,山东5注,广东2注,共9注。",
            "addmoney": "",
            "addmoney2": "",
            "msg": "",
            "z2add": "",
            "m2add": "",
            "prizegrades": [
                {
                    "type": 1,
                    "typenum": "9",
                    "typemoney": "6471007"
                },
                {
                    "type": 2,
                    "typenum": "83",
                    "typemoney": "199383"
                },
                {
                    "type": 3,
                    "typenum": "1267",
                    "typemoney": "3000"
                },
                {
                    "type": 4,
                    "typenum": "63779",
                    "typemoney": "200"
                },
                {
                    "type": 5,
                    "typenum": "1173021",
                    "typemoney": "10"
                },
                {
                    "type": 6,
                    "typenum": "10904507",
                    "typemoney": "5"
                },
                {
                    "type": 7,
                    "typenum": "",
                    "typemoney": ""
                }
            ]
        },
        {
            "name": "双色球",
            "code": "2015048",
            "detailsLink": "/c/2015/04/28/392334.shtml",
            "videoLink": "",
            "date": "2015-04-28(二)",
            "week": "二",
            "red": "13,16,17,22,25,27",
            "blue": "10",
            "blue2": "",
            "sales": "314318648",
            "poolmoney": "222018030",
            "content": "浙江10注,湖南1注,广东2注,共13注。",
            "addmoney": "",
            "addmoney2": "",
            "msg": "",
            "z2add": "",
            "m2add": "",
            "prizegrades": [
                {
                    "type": 1,
                    "typenum": "13",
                    "typemoney": "5759356"
                },
                {
                    "type": 2,
                    "typenum": "61",
                    "typemoney": "202287"
                },
                {
                    "type": 3,
                    "typenum": "1310",
                    "typemoney": "3000"
                },
                {
                    "type": 4,
                    "typenum": "71645",
                    "typemoney": "200"
                },
                {
                    "type": 5,
                    "typenum": "1304390",
                    "typemoney": "10"
                },
                {
                    "type": 6,
                    "typenum": "14671010",
                    "typemoney": "5"
                },
                {
                    "type": 7,
                    "typenum": "",
                    "typemoney": ""
                }
            ]
        },
        {
            "name": "双色球",
            "code": "2015047",
            "detailsLink": "/c/2015/04/26/392246.shtml",
            "videoLink": "",
            "date": "2015-04-26(日)",
            "week": "日",
            "red": "02,03,20,24,26,27",
            "blue": "09",
            "blue2": "",
            "sales": "353219880",
            "poolmoney": "259871028",
            "content": "北京1注,江苏2注,浙江3注,福建4注,广东2注,共12注。",
            "addmoney": "",
            "addmoney2": "",
            "msg": "",
            "z2add": "",
            "m2add": "",
            "prizegrades": [
                {
                    "type": 1,
                    "typenum": "12",
                    "typemoney": "5599825"
                },
                {
                    "type": 2,
                    "typenum": "68",
                    "typemoney": "132314"
                },
                {
                    "type": 3,
                    "typenum": "1706",
                    "typemoney": "3000"
                },
                {
                    "type": 4,
                    "typenum": "90556",
                    "typemoney": "200"
                },
                {
                    "type": 5,
                    "typenum": "1648549",
                    "typemoney": "10"
                },
                {
                    "type": 6,
                    "typenum": "19474709",
                    "typemoney": "5"
                },
                {
                    "type": 7,
                    "typenum": "",
                    "typemoney": ""
                }
            ]
        },
        {
            "name": "双色球",
            "code": "2015046",
            "detailsLink": "/c/2015/04/23/392199.shtml",
            "videoLink": "",
            "date": "2015-04-23(四)",
            "week": "四",
            "red": "05,07,10,14,23,31",
            "blue": "01",
            "blue2": "",
            "sales": "324849386",
            "poolmoney": "300076800",
            "content": "吉林1注,福建1注,共2注。",
            "addmoney": "",
            "addmoney2": "",
            "msg": "",
            "z2add": "",
            "m2add": "",
            "prizegrades": [
                {
                    "type": 1,
                    "typenum": "2",
                    "typemoney": "10000000"
                },
                {
                    "type": 2,
                    "typenum": "81",
                    "typemoney": "310399"
                },
                {
                    "type": 3,
                    "typenum": "903",
                    "typemoney": "3000"
                },
                {
                    "type": 4,
                    "typenum": "47334",
                    "typemoney": "200"
                },
                {
                    "type": 5,
                    "typenum": "983994",
                    "typemoney": "10"
                },
                {
                    "type": 6,
                    "typenum": "7318186",
                    "typemoney": "5"
                },
                {
                    "type": 7,
                    "typenum": "",
                    "typemoney": ""
                }
            ]
        },
        {
            "name": "双色球",
            "code": "2015045",
            "detailsLink": "/c/2015/04/21/392125.shtml",
            "videoLink": "",
            "date": "2015-04-21(二)",
            "week": "二",
            "red": "01,05,13,22,30,31",
            "blue": "07",
            "blue2": "",
            "sales": "317791860",
            "poolmoney": "244649655",
            "content": "江苏1注,安徽1注,山东1注,四川1注,贵州1注,共5注。",
            "addmoney": "",
            "addmoney2": "",
            "msg": "",
            "z2add": "",
            "m2add": "",
            "prizegrades": [
                {
                    "type": 1,
                    "typenum": "5",
                    "typemoney": "7425169"
                },
                {
                    "type": 2,
                    "typenum": "110",
                    "typemoney": "137793"
                },
                {
                    "type": 3,
                    "typenum": "1717",
                    "typemoney": "3000"
                },
                {
                    "type": 4,
                    "typenum": "74157",
                    "typemoney": "200"
                },
                {
                    "type": 5,
                    "typenum": "1283582",
                    "typemoney": "10"
                },
                {
                    "type": 6,
                    "typenum": "12454113",
                    "typemoney": "5"
                },
                {
                    "type": 7,
                    "typenum": "",
                    "typemoney": ""
                }
            ]
        },
        {
            "name": "双色球",
            "code": "2015044",
            "detailsLink": "/c/2015/04/19/392064.shtml",
            "videoLink": "",
            "date": "2015-04-19(日)",
            "week": "日",
            "red": "02,03,04,13,14,16",
            "blue": "02",
            "blue2": "",
            "sales": "361973072",
            "poolmoney": "236303584",
            "content": "北京1注,天津1注,内蒙古1注,黑龙江1注,上海2注,江苏2注,浙江16注,福建1注,江西2注,山东3注,湖北2注,湖南1注,广东3注,广西1注,云南2注,陕西1注,甘肃1注,深圳3注,共44注。",
            "addmoney": "",
            "addmoney2": "",
            "msg": "",
            "z2add": "",
            "m2add": "",
            "prizegrades": [
                {
                    "type": 1,
                    "typenum": "44",
                    "typemoney": "5156691"
                },
                {
                    "type": 2,
                    "typenum": "170",
                    "typemoney": "50694"
                },
                {
                    "type": 3,
                    "typenum": "4612",
                    "typemoney": "3000"
                },
                {
                    "type": 4,
                    "typenum": "150325",
                    "typemoney": "200"
                },
                {
                    "type": 5,
                    "typenum": "2158051",
                    "typemoney": "10"
                },
                {
                    "type": 6,
                    "typenum": "15482640",
                    "typemoney": "5"
                },
                {
                    "type": 7,
                    "typenum": "",
                    "typemoney": ""
                }
            ]
        },
        {
            "name": "双色球",
            "code": "2015043",
            "detailsLink": "/c/2015/04/16/392019.shtml",
            "videoLink": "",
            "date": "2015-04-16(四)",
            "week": "四",
            "red": "11,12,15,24,26,27",
            "blue": "15",
            "blue2": "",
            "sales": "333265010",
            "poolmoney": "437343962",
            "content": "江苏1注,广西10注,共11注。",
            "addmoney": "",
            "addmoney2": "",
            "msg": "",
            "z2add": "",
            "m2add": "",
            "prizegrades": [
                {
                    "type": 1,
                    "typenum": "11",
                    "typemoney": "6547831"
                },
                {
                    "type": 2,
                    "typenum": "66",
                    "typemoney": "322464"
                },
                {
                    "type": 3,
                    "typenum": "1377",
                    "typemoney": "3000"
                },
                {
                    "type": 4,
                    "typenum": "65602",
                    "typemoney": "200"
                },
                {
                    "type": 5,
                    "typenum": "1224699",
                    "typemoney": "10"
                },
                {
                    "type": 6,
                    "typenum": "9734148",
                    "typemoney": "5"
                },
                {
                    "type": 7,
                    "typenum": "",
                    "typemoney": ""
                }
            ]
        },
        {
            "name": "双色球",
            "code": "2015042",
            "detailsLink": "/c/2015/04/14/391949.shtml",
            "videoLink": "",
            "date": "2015-04-14(二)",
            "week": "二",
            "red": "09,10,19,21,23,32",
            "blue": "08",
            "blue2": "",
            "sales": "328582874",
            "poolmoney": "445522068",
            "content": "北京1注,河北1注,内蒙古1注,辽宁2注,上海1注,江苏5注,山东1注,湖南3注,广东1注,广西1注,四川1注,共18注。",
            "addmoney": "",
            "addmoney2": "",
            "msg": "",
            "z2add": "",
            "m2add": "",
            "prizegrades": [
                {
                    "type": 1,
                    "typenum": "18",
                    "typemoney": "5598638"
                },
                {
                    "type": 2,
                    "typenum": "138",
                    "typemoney": "97604"
                },
                {
                    "type": 3,
                    "typenum": "2630",
                    "typemoney": "3000"
                },
                {
                    "type": 4,
                    "typenum": "105899",
                    "typemoney": "200"
                },
                {
                    "type": 5,
                    "typenum": "1695189",
                    "typemoney": "10"
                },
                {
                    "type": 6,
                    "typenum": "12221287",
                    "typemoney": "5"
                },
                {
                    "type": 7,
                    "typenum": "",
                    "typemoney": ""
                }
            ]
        },
        {
            "name": "双色球",
            "code": "2015041",
            "detailsLink": "/c/2015/04/12/391870.shtml",
            "videoLink": "",
            "date": "2015-04-12(日)",
            "week": "日",
            "red": "04,09,11,17,21,25",
            "blue": "06",
            "blue2": "",
            "sales": "355451862",
            "poolmoney": "505889468",
            "content": "北京1注,天津3注,河北2注,上海2注,江苏1注,浙江1注,福建1注,山东2注,湖南1注,广东1注,宁夏1注,深圳1注,共17注。",
            "addmoney": "",
            "addmoney2": "",
            "msg": "",
            "z2add": "",
            "m2add": "",
            "prizegrades": [
                {
                    "type": 1,
                    "typenum": "17",
                    "typemoney": "5645612"
                },
                {
                    "type": 2,
                    "typenum": "226",
                    "typemoney": "60704"
                },
                {
                    "type": 3,
                    "typenum": "3130",
                    "typemoney": "3000"
                },
                {
                    "type": 4,
                    "typenum": "130528",
                    "typemoney": "200"
                },
                {
                    "type": 5,
                    "typenum": "1957119",
                    "typemoney": "10"
                },
                {
                    "type": 6,
                    "typenum": "12845504",
                    "typemoney": "5"
                },
                {
                    "type": 7,
                    "typenum": "",
                    "typemoney": ""
                }
            ]
        },
        {
            "name": "双色球",
            "code": "2015040",
            "detailsLink": "/c/2015/04/09/391823.shtml",
            "videoLink": "",
            "date": "2015-04-09(四)",
            "week": "四",
            "red": "13,16,18,27,30,32",
            "blue": "16",
            "blue2": "",
            "sales": "320385120",
            "poolmoney": "560707072",
            "content": "上海1注,山东1注,湖北1注,深圳1注,共4注。",
            "addmoney": "",
            "addmoney2": "",
            "msg": "",
            "z2add": "",
            "m2add": "",
            "prizegrades": [
                {
                    "type": 1,
                    "typenum": "4",
                    "typemoney": "9819869"
                },
                {
                    "type": 2,
                    "typenum": "54",
                    "typemoney": "446284"
                },
                {
                    "type": 3,
                    "typenum": "915",
                    "typemoney": "3000"
                },
                {
                    "type": 4,
                    "typenum": "50742",
                    "typemoney": "200"
                },
                {
                    "type": 5,
                    "typenum": "1050194",
                    "typemoney": "10"
                },
                {
                    "type": 6,
                    "typenum": "7439196",
                    "typemoney": "5"
                },
                {
                    "type": 7,
                    "typenum": "",
                    "typemoney": ""
                }
            ]
        },
        {
            "name": "双色球",
            "code": "2015039",
            "detailsLink": "/c/2015/04/07/391741.shtml",
            "videoLink": "",
            "date": "2015-04-07(二)",
            "week": "二",
            "red": "01,13,15,26,29,30",
            "blue": "12",
            "blue2": "",
            "sales": "304495842",
            "poolmoney": "527688511",
            "content": "内蒙古1注,吉林1注,浙江1注,安徽1注,湖南1注,广西1注,海南1注,共7注。",
            "addmoney": "",
            "addmoney2": "",
            "msg": "",
            "z2add": "",
            "m2add": "",
            "prizegrades": [
                {
                    "type": 1,
                    "typenum": "7",
                    "typemoney": "7136054"
                },
                {
                    "type": 2,
                    "typenum": "85",
                    "typemoney": "219887"
                },
                {
                    "type": 3,
                    "typenum": "1123",
                    "typemoney": "3000"
                },
                {
                    "type": 4,
                    "typenum": "61462",
                    "typemoney": "200"
                },
                {
                    "type": 5,
                    "typenum": "1173516",
                    "typemoney": "10"
                },
                {
                    "type": 6,
                    "typenum": "9408899",
                    "typemoney": "5"
                },
                {
                    "type": 7,
                    "typenum": "",
                    "typemoney": ""
                }
            ]
        },
        {
            "name": "双色球",
            "code": "2015038",
            "detailsLink": "/c/2015/04/05/391692.shtml",
            "videoLink": "",
            "date": "2015-04-05(日)",
            "week": "日",
            "red": "05,06,11,12,14,33",
            "blue": "14",
            "blue2": "",
            "sales": "330881502",
            "poolmoney": "521569463",
            "content": "海南1注,共1注。",
            "addmoney": "",
            "addmoney2": "",
            "msg": "",
            "z2add": "",
            "m2add": "",
            "prizegrades": [
                {
                    "type": 1,
                    "typenum": "1",
                    "typemoney": "10000000"
                },
                {
                    "type": 2,
                    "typenum": "81",
                    "typemoney": "307915"
                },
                {
                    "type": 3,
                    "typenum": "1054",
                    "typemoney": "3000"
                },
                {
                    "type": 4,
                    "typenum": "48596",
                    "typemoney": "200"
                },
                {
                    "type": 5,
                    "typenum": "985261",
                    "typemoney": "10"
                },
                {
                    "type": 6,
                    "typenum": "7926683",
                    "typemoney": "5"
                },
                {
                    "type": 7,
                    "typenum": "",
                    "typemoney": ""
                }
            ]
        },
        {
            "name": "双色球",
            "code": "2015037",
            "detailsLink": "/c/2015/04/02/391656.shtml",
            "videoLink": "",
            "date": "2015-04-02(四)",
            "week": "四",
            "red": "05,07,12,18,28,31",
            "blue": "03",
            "blue2": "",
            "sales": "311121894",
            "poolmoney": "456745930",
            "content": "共0注。",
            "addmoney": "",
            "addmoney2": "",
            "msg": "",
            "z2add": "",
            "m2add": "",
            "prizegrades": [
                {
                    "type": 1,
                    "typenum": "0",
                    "typemoney": "0"
                },
                {
                    "type": 2,
                    "typenum": "232",
                    "typemoney": "102953"
                },
                {
                    "type": 3,
                    "typenum": "926",
                    "typemoney": "3000"
                },
                {
                    "type": 4,
                    "typenum": "64522",
                    "typemoney": "200"
                },
                {
                    "type": 5,
                    "typenum": "1312453",
                    "typemoney": "10"
                },
                {
                    "type": 6,
                    "typenum": "5620434",
                    "typemoney": "5"
                },
                {
                    "type": 7,
                    "typenum": "",
                    "typemoney": ""
                }
            ]
        },
        {
            "name": "双色球",
            "code": "2015036",
            "detailsLink": "/c/2015/03/31/391585.shtml",
            "videoLink": "",
            "date": "2015-03-31(二)",
            "week": "二",
            "red": "04,06,16,17,26,33",
            "blue": "03",
            "blue2": "",
            "sales": "314978372",
            "poolmoney": "385090460",
            "content": "上海1注,江苏1注,湖北1注,四川1注,甘肃1注,共5注。",
            "addmoney": "",
            "addmoney2": "",
            "msg": "",
            "z2add": "",
            "m2add": "",
            "prizegrades": [
                {
                    "type": 1,
                    "typenum": "5",
                    "typemoney": "8932993"
                },
                {
                    "type": 2,
                    "typenum": "122",
                    "typemoney": "201485"
                },
                {
                    "type": 3,
                    "typenum": "984",
                    "typemoney": "3000"
                },
                {
                    "type": 4,
                    "typenum": "52202",
                    "typemoney": "200"
                },
                {
                    "type": 5,
                    "typenum": "1029149",
                    "typemoney": "10"
                },
                {
                    "type": 6,
                    "typenum": "6466134",
                    "typemoney": "5"
                },
                {
                    "type": 7,
                    "typenum": "",
                    "typemoney": ""
                }
            ]
        },
        {
            "name": "双色球",
            "code": "2015035",
            "detailsLink": "/c/2015/03/29/391512.shtml",
            "videoLink": "",
            "date": "2015-03-29(日)",
            "week": "日",
            "red": "01,08,09,22,24,33",
            "blue": "03",
            "blue2": "",
            "sales": "354232116",
            "poolmoney": "356011799",
            "content": "山西1注,辽宁2注,江苏1注,浙江3注,重庆1注,湖北1注,广东3注,陕西1注,共13注。",
            "addmoney": "",
            "addmoney2": "",
            "msg": "",
            "z2add": "",
            "m2add": "",
            "prizegrades": [
                {
                    "type": 1,
                    "typenum": "13",
                    "typemoney": "6360697"
                },
                {
                    "type": 2,
                    "typenum": "226",
                    "typemoney": "97837"
                },
                {
                    "type": 3,
                    "typenum": "1743",
                    "typemoney": "3000"
                },
                {
                    "type": 4,
                    "typenum": "81828",
                    "typemoney": "200"
                },
                {
                    "type": 5,
                    "typenum": "1447398",
                    "typemoney": "10"
                },
                {
                    "type": 6,
                    "typenum": "9811961",
                    "typemoney": "5"
                },
                {
                    "type": 7,
                    "typenum": "",
                    "typemoney": ""
                }
            ]
        },
        {
            "name": "双色球",
            "code": "2015034",
            "detailsLink": "/c/2015/03/26/391471.shtml",
            "videoLink": "",
            "date": "2015-03-26(四)",
            "week": "四",
            "red": "12,13,17,18,20,27",
            "blue": "13",
            "blue2": "",
            "sales": "319035578",
            "poolmoney": "372366860",
            "content": "江苏1注,安徽1注,湖北1注,广东1注,云南1注,共5注。",
            "addmoney": "",
            "addmoney2": "",
            "msg": "",
            "z2add": "",
            "m2add": "",
            "prizegrades": [
                {
                    "type": 1,
                    "typenum": "5",
                    "typemoney": "8430978"
                },
                {
                    "type": 2,
                    "typenum": "201",
                    "typemoney": "106684"
                },
                {
                    "type": 3,
                    "typenum": "1431",
                    "typemoney": "3000"
                },
                {
                    "type": 4,
                    "typenum": "79449",
                    "typemoney": "200"
                },
                {
                    "type": 5,
                    "typenum": "1463997",
                    "typemoney": "10"
                },
                {
                    "type": 6,
                    "typenum": "7146039",
                    "typemoney": "5"
                },
                {
                    "type": 7,
                    "typenum": "",
                    "typemoney": ""
                }
            ]
        },
        {
            "name": "双色球",
            "code": "2015033",
            "detailsLink": "/c/2015/03/24/391396.shtml",
            "videoLink": "",
            "date": "2015-03-24(二)",
            "week": "二",
            "red": "03,06,21,29,31,32",
            "blue": "05",
            "blue2": "",
            "sales": "316147976",
            "poolmoney": "350190906",
            "content": "云南2注,共2注。",
            "addmoney": "",
            "addmoney2": "",
            "msg": "",
            "z2add": "",
            "m2add": "",
            "prizegrades": [
                {
                    "type": 1,
                    "typenum": "2",
                    "typemoney": "10000000"
                },
                {
                    "type": 2,
                    "typenum": "93",
                    "typemoney": "169838"
                },
                {
                    "type": 3,
                    "typenum": "1502",
                    "typemoney": "3000"
                },
                {
                    "type": 4,
                    "typenum": "81349",
                    "typemoney": "200"
                },
                {
                    "type": 5,
                    "typenum": "1438796",
                    "typemoney": "10"
                },
                {
                    "type": 6,
                    "typenum": "11313787",
                    "typemoney": "5"
                },
                {
                    "type": 7,
                    "typenum": "",
                    "typemoney": ""
                }
            ]
        },
        {
            "name": "双色球",
            "code": "2015032",
            "detailsLink": "/c/2015/03/22/391326.shtml",
            "videoLink": "",
            "date": "2015-03-22(日)",
            "week": "日",
            "red": "11,14,16,18,29,32",
            "blue": "16",
            "blue2": "",
            "sales": "356881788",
            "poolmoney": "322806048",
            "content": "内蒙古1注,江苏1注,河南1注,湖南1注,甘肃2注,共6注。",
            "addmoney": "",
            "addmoney2": "",
            "msg": "",
            "z2add": "",
            "m2add": "",
            "prizegrades": [
                {
                    "type": 1,
                    "typenum": "6",
                    "typemoney": "8138892"
                },
                {
                    "type": 2,
                    "typenum": "98",
                    "typemoney": "240221"
                },
                {
                    "type": 3,
                    "typenum": "894",
                    "typemoney": "3000"
                },
                {
                    "type": 4,
                    "typenum": "49166",
                    "typemoney": "200"
                },
                {
                    "type": 5,
                    "typenum": "1008766",
                    "typemoney": "10"
                },
                {
                    "type": 6,
                    "typenum": "11620491",
                    "typemoney": "5"
                },
                {
                    "type": 7,
                    "typenum": "",
                    "typemoney": ""
                }
            ]
        },
        {
            "name": "双色球",
            "code": "2015031",
            "detailsLink": "/c/2015/03/19/391287.shtml",
            "videoLink": "",
            "date": "2015-03-19(四)",
            "week": "四",
            "red": "01,05,07,22,26,32",
            "blue": "11",
            "blue2": "",
            "sales": "322648288",
            "poolmoney": "301014330",
            "content": "内蒙古1注,浙江5注,安徽1注,河南1注,四川1注,云南1注,共10注。",
            "addmoney": "",
            "addmoney2": "",
            "msg": "",
            "z2add": "",
            "m2add": "",
            "prizegrades": [
                {
                    "type": 1,
                    "typenum": "10",
                    "typemoney": "6554899"
                },
                {
                    "type": 2,
                    "typenum": "113",
                    "typemoney": "172002"
                },
                {
                    "type": 3,
                    "typenum": "1013",
                    "typemoney": "3000"
                },
                {
                    "type": 4,
                    "typenum": "51573",
                    "typemoney": "200"
                },
                {
                    "type": 5,
                    "typenum": "993315",
                    "typemoney": "10"
                },
                {
                    "type": 6,
                    "typenum": "11413183",
                    "typemoney": "5"
                },
                {
                    "type": 7,
                    "typenum": "",
                    "typemoney": ""
                }
            ]
        },
        {
            "name": "双色球",
            "code": "2015030",
            "detailsLink": "/c/2015/03/17/391208.shtml",
            "videoLink": "",
            "date": "2015-03-17(二)",
            "week": "二",
            "red": "08,11,14,15,16,26",
            "blue": "07",
            "blue2": "",
            "sales": "313853770",
            "poolmoney": "308254584",
            "content": "浙江1注,安徽3注,江西1注,陕西1注,共6注。",
            "addmoney": "",
            "addmoney2": "",
            "msg": "",
            "z2add": "",
            "m2add": "",
            "prizegrades": [
                {
                    "type": 1,
                    "typenum": "6",
                    "typemoney": "7887970"
                },
                {
                    "type": 2,
                    "typenum": "104",
                    "typemoney": "208267"
                },
                {
                    "type": 3,
                    "typenum": "1097",
                    "typemoney": "3000"
                },
                {
                    "type": 4,
                    "typenum": "60303",
                    "typemoney": "200"
                },
                {
                    "type": 5,
                    "typenum": "1151042",
                    "typemoney": "10"
                },
                {
                    "type": 6,
                    "typenum": "8057442",
                    "typemoney": "5"
                },
                {
                    "type": 7,
                    "typenum": "",
                    "typemoney": ""
                }
            ]
        },
        {
            "name": "双色球",
            "code": "2015029",
            "detailsLink": "/c/2015/03/15/391114.shtml",
            "videoLink": "",
            "date": "2015-03-15(日)",
            "week": "日",
            "red": "07,14,15,19,21,28",
            "blue": "07",
            "blue2": "",
            "sales": "350574266",
            "poolmoney": "290603075",
            "content": "浙江1注,重庆1注,河南1注,湖南1注,新疆2注,深圳1注,共7注。",
            "addmoney": "",
            "addmoney2": "",
            "msg": "",
            "z2add": "",
            "m2add": "",
            "prizegrades": [
                {
                    "type": 1,
                    "typenum": "7",
                    "typemoney": "7243174"
                },
                {
                    "type": 2,
                    "typenum": "109",
                    "typemoney": "180071"
                },
                {
                    "type": 3,
                    "typenum": "1757",
                    "typemoney": "3000"
                },
                {
                    "type": 4,
                    "typenum": "84782",
                    "typemoney": "200"
                },
                {
                    "type": 5,
                    "typenum": "1390344",
                    "typemoney": "10"
                },
                {
                    "type": 6,
                    "typenum": "11427892",
                    "typemoney": "5"
                },
                {
                    "type": 7,
                    "typenum": "",
                    "typemoney": ""
                }
            ]
        },
        {
            "name": "双色球",
            "code": "2015028",
            "detailsLink": "/c/2015/03/12/391104.shtml",
            "videoLink": "",
            "date": "2015-03-12(四)",
            "week": "四",
            "red": "04,07,10,26,27,28",
            "blue": "14",
            "blue2": "",
            "sales": "318360502",
            "poolmoney": "282421976",
            "content": "辽宁1注,安徽1注,重庆1注,湖北1注,广东1注,海南1注,四川2注,共8注。",
            "addmoney": "",
            "addmoney2": "",
            "msg": "",
            "z2add": "",
            "m2add": "",
            "prizegrades": [
                {
                    "type": 1,
                    "typenum": "8",
                    "typemoney": "7403315"
                },
                {
                    "type": 2,
                    "typenum": "292",
                    "typemoney": "82305"
                },
                {
                    "type": 3,
                    "typenum": "1343",
                    "typemoney": "3000"
                },
                {
                    "type": 4,
                    "typenum": "68447",
                    "typemoney": "200"
                },
                {
                    "type": 5,
                    "typenum": "1202707",
                    "typemoney": "10"
                },
                {
                    "type": 6,
                    "typenum": "6023713",
                    "typemoney": "5"
                },
                {
                    "type": 7,
                    "typenum": "",
                    "typemoney": ""
                }
            ]
        },
        {
            "name": "双色球",
            "code": "2015027",
            "detailsLink": "/c/2015/03/10/391044.shtml",
            "videoLink": "",
            "date": "2015-03-10(二)",
            "week": "二",
            "red": "05,07,09,16,26,29",
            "blue": "07",
            "blue2": "",
            "sales": "313056664",
            "poolmoney": "269549046",
            "content": "辽宁2注,吉林3注,黑龙江1注,江苏1注,浙江1注,安徽1注,福建1注,山东1注,重庆2注,河南6注,湖南1注,广东3注,云南2注,青海1注,共26注。",
            "addmoney": "",
            "addmoney2": "",
            "msg": "中彩中心决定:从双色球调节基金拨出22223274.64元,弥补当期派奖奖金不足。",
            "z2add": "",
            "m2add": "",
            "prizegrades": [
                {
                    "type": 1,
                    "typenum": "26",
                    "typemoney": "5000000"
                },
                {
                    "type": 2,
                    "typenum": "147",
                    "typemoney": "6000"
                },
                {
                    "type": 3,
                    "typenum": "4795",
                    "typemoney": "3000"
                },
                {
                    "type": 4,
                    "typenum": "168093",
                    "typemoney": "200"
                },
                {
                    "type": 5,
                    "typenum": "2296332",
                    "typemoney": "10"
                },
                {
                    "type": 6,
                    "typenum": "20754424",
                    "typemoney": "5"
                },
                {
                    "type": 7,
                    "typenum": "",
                    "typemoney": ""
                }
            ]
        },
        {
            "name": "双色球",
            "code": "2015026",
            "detailsLink": "/c/2015/03/08/390970.shtml",
            "videoLink": "",
            "date": "2015-03-08(日)",
            "week": "日",
            "red": "02,13,17,21,22,33",
            "blue": "13",
            "blue2": "",
            "sales": "346132854",
            "poolmoney": "399549056",
            "content": "北京3注,河北1注,山西2注,重庆1注,广东6注,四川2注,陕西1注,共16注。",
            "addmoney": "",
            "addmoney2": "",
            "msg": "",
            "z2add": "",
            "m2add": "",
            "prizegrades": [
                {
                    "type": 1,
                    "typenum": "16",
                    "typemoney": "6166894"
                },
                {
                    "type": 2,
                    "typenum": "131",
                    "typemoney": "178151"
                },
                {
                    "type": 3,
                    "typenum": "1384",
                    "typemoney": "3000"
                },
                {
                    "type": 4,
                    "typenum": "72341",
                    "typemoney": "200"
                },
                {
                    "type": 5,
                    "typenum": "1305961",
                    "typemoney": "10"
                },
                {
                    "type": 6,
                    "typenum": "8914739",
                    "typemoney": "5"
                },
                {
                    "type": 7,
                    "typenum": "",
                    "typemoney": ""
                }
            ]
        },
        {
            "name": "双色球",
            "code": "2015025",
            "detailsLink": "/c/2015/03/05/390919.shtml",
            "videoLink": "",
            "date": "2015-03-05(四)",
            "week": "四",
            "red": "10,11,12,15,27,32",
            "blue": "14",
            "blue2": "",
            "sales": "301966294",
            "poolmoney": "428205689",
            "content": "共0注。",
            "addmoney": "",
            "addmoney2": "",
            "msg": "",
            "z2add": "",
            "m2add": "",
            "prizegrades": [
                {
                    "type": 1,
                    "typenum": "0",
                    "typemoney": "0"
                },
                {
                    "type": 2,
                    "typenum": "89",
                    "typemoney": "249092"
                },
                {
                    "type": 3,
                    "typenum": "1107",
                    "typemoney": "3000"
                },
                {
                    "type": 4,
                    "typenum": "55727",
                    "typemoney": "200"
                },
                {
                    "type": 5,
                    "typenum": "1118848",
                    "typemoney": "10"
                },
                {
                    "type": 6,
                    "typenum": "6726303",
                    "typemoney": "5"
                },
                {
                    "type": 7,
                    "typenum": "",
                    "typemoney": ""
                }
            ]
        },
        {
            "name": "双色球",
            "code": "2015024",
            "detailsLink": "/c/2015/03/03/390845.shtml",
            "videoLink": "",
            "date": "2015-03-03(二)",
            "week": "二",
            "red": "09,11,16,18,23,24",
            "blue": "10",
            "blue2": "",
            "sales": "297320432",
            "poolmoney": "361697874",
            "content": "河北1注,山西1注,上海1注,浙江1注,湖南2注,共6注。",
            "addmoney": "",
            "addmoney2": "",
            "msg": "",
            "z2add": "",
            "m2add": "",
            "prizegrades": [
                {
                    "type": 1,
                    "typenum": "6",
                    "typemoney": "7884587"
                },
                {
                    "type": 2,
                    "typenum": "83",
                    "typemoney": "260655"
                },
                {
                    "type": 3,
                    "typenum": "1276",
                    "typemoney": "3000"
                },
                {
                    "type": 4,
                    "typenum": "56809",
                    "typemoney": "200"
                },
                {
                    "type": 5,
                    "typenum": "1090265",
                    "typemoney": "10"
                },
                {
                    "type": 6,
                    "typenum": "6611385",
                    "typemoney": "5"
                },
                {
                    "type": 7,
                    "typenum": "",
                    "typemoney": ""
                }
            ]
        },
        {
            "name": "双色球",
            "code": "2015023",
            "detailsLink": "/c/2015/03/01/390772.shtml",
            "videoLink": "",
            "date": "2015-03-01(日)",
            "week": "日",
            "red": "08,09,10,13,29,30",
            "blue": "01",
            "blue2": "",
            "sales": "371421794",
            "poolmoney": "344102175",
            "content": "辽宁1注,吉林3注,山东2注,重庆2注,云南1注,共9注。",
            "addmoney": "",
            "addmoney2": "",
            "msg": "",
            "z2add": "",
            "m2add": "",
            "prizegrades": [
                {
                    "type": 1,
                    "typenum": "9",
                    "typemoney": "7263666"
                },
                {
                    "type": 2,
                    "typenum": "297",
                    "typemoney": "85744"
                },
                {
                    "type": 3,
                    "typenum": "1939",
                    "typemoney": "3000"
                },
                {
                    "type": 4,
                    "typenum": "97922",
                    "typemoney": "200"
                },
                {
                    "type": 5,
                    "typenum": "1751202",
                    "typemoney": "10"
                },
                {
                    "type": 6,
                    "typenum": "7443650",
                    "typemoney": "5"
                },
                {
                    "type": 7,
                    "typenum": "",
                    "typemoney": ""
                }
            ]
        },
        {
            "name": "双色球",
            "code": "2015022",
            "detailsLink": "/c/2015/02/26/390694.shtml",
            "videoLink": "",
            "date": "2015-02-26(四)",
            "week": "四",
            "red": "04,07,10,16,23,25",
            "blue": "10",
            "blue2": "",
            "sales": "428626486",
            "poolmoney": "333076429",
            "content": "天津1注,上海5注,浙江1注,共7注。",
            "addmoney": "",
            "addmoney2": "",
            "msg": "",
            "z2add": "",
            "m2add": "",
            "prizegrades": [
                {
                    "type": 1,
                    "typenum": "7",
                    "typemoney": "7943574"
                },
                {
                    "type": 2,
                    "typenum": "242",
                    "typemoney": "106430"
                },
                {
                    "type": 3,
                    "typenum": "2234",
                    "typemoney": "3000"
                },
                {
                    "type": 4,
                    "typenum": "101325",
                    "typemoney": "200"
                },
                {
                    "type": 5,
                    "typenum": "1695908",
                    "typemoney": "10"
                },
                {
                    "type": 6,
                    "typenum": "12615158",
                    "typemoney": "5"
                },
                {
                    "type": 7,
                    "typenum": "",
                    "typemoney": ""
                }
            ]
        },
        {
            "name": "双色球",
            "code": "2015021",
            "detailsLink": "/c/2015/02/17/390590.shtml",
            "videoLink": "",
            "date": "2015-02-17(二)",
            "week": "二",
            "red": "14,15,16,17,27,28",
            "blue": "08",
            "blue2": "",
            "sales": "369500210",
            "poolmoney": "311412624",
            "content": "北京1注,河北2注,辽宁1注,浙江1注,江西2注,山东2注,重庆3注,湖北1注,广东1注,四川1注,云南1注,共16注。",
            "addmoney": "",
            "addmoney2": "",
            "msg": "",
            "z2add": "",
            "m2add": "",
            "prizegrades": [
                {
                    "type": 1,
                    "typenum": "16",
                    "typemoney": "5736340"
                },
                {
                    "type": 2,
                    "typenum": "147",
                    "typemoney": "100182"
                },
                {
                    "type": 3,
                    "typenum": "2693",
                    "typemoney": "3000"
                },
                {
                    "type": 4,
                    "typenum": "114434",
                    "typemoney": "200"
                },
                {
                    "type": 5,
                    "typenum": "1816198",
                    "typemoney": "10"
                },
                {
                    "type": 6,
                    "typenum": "14604012",
                    "typemoney": "5"
                },
                {
                    "type": 7,
                    "typenum": "",
                    "typemoney": ""
                }
            ]
        },
        {
            "name": "双色球",
            "code": "2015020",
            "detailsLink": "/c/2015/02/15/390564.shtml",
            "videoLink": "",
            "date": "2015-02-15(日)",
            "week": "日",
            "red": "01,04,07,19,22,23",
            "blue": "04",
            "blue2": "",
            "sales": "404738304",
            "poolmoney": "359013634",
            "content": "辽宁2注,上海2注,江西1注,山东1注,湖南1注,共7注。",
            "addmoney": "",
            "addmoney2": "",
            "msg": "",
            "z2add": "",
            "m2add": "",
            "prizegrades": [
                {
                    "type": 1,
                    "typenum": "7",
                    "typemoney": "7958367"
                },
                {
                    "type": 2,
                    "typenum": "175",
                    "typemoney": "147918"
                },
                {
                    "type": 3,
                    "typenum": "1866",
                    "typemoney": "3000"
                },
                {
                    "type": 4,
                    "typenum": "92224",
                    "typemoney": "200"
                },
                {
                    "type": 5,
                    "typenum": "1673679",
                    "typemoney": "10"
                },
                {
                    "type": 6,
                    "typenum": "10799862",
                    "typemoney": "5"
                },
                {
                    "type": 7,
                    "typenum": "",
                    "typemoney": ""
                }
            ]
        },
        {
            "name": "双色球",
            "code": "2015019",
            "detailsLink": "/c/2015/02/12/390515.shtml",
            "videoLink": "",
            "date": "2015-02-12(四)",
            "week": "四",
            "red": "02,06,11,19,25,26",
            "blue": "04",
            "blue2": "",
            "sales": "363865754",
            "poolmoney": "337065060",
            "content": "北京1注,内蒙古1注,辽宁6注,重庆3注,广西1注,共12注。",
            "addmoney": "",
            "addmoney2": "",
            "msg": "",
            "z2add": "",
            "m2add": "",
            "prizegrades": [
                {
                    "type": 1,
                    "typenum": "12",
                    "typemoney": "6636421"
                },
                {
                    "type": 2,
                    "typenum": "213",
                    "typemoney": "115240"
                },
                {
                    "type": 3,
                    "typenum": "1679",
                    "typemoney": "3000"
                },
                {
                    "type": 4,
                    "typenum": "83529",
                    "typemoney": "200"
                },
                {
                    "type": 5,
                    "typenum": "1509529",
                    "typemoney": "10"
                },
                {
                    "type": 6,
                    "typenum": "8654163",
                    "typemoney": "5"
                },
                {
                    "type": 7,
                    "typenum": "",
                    "typemoney": ""
                }
            ]
        },
        {
            "name": "双色球",
            "code": "2015018",
            "detailsLink": "/c/2015/02/10/390448.shtml",
            "videoLink": "",
            "date": "2015-02-10(二)",
            "week": "二",
            "red": "06,09,12,14,28,29",
            "blue": "09",
            "blue2": "",
            "sales": "356589678",
            "poolmoney": "343063140",
            "content": "北京1注,天津1注,河北1注,上海1注,浙江2注,安徽1注,湖北1注,广东1注,广西1注,共10注。",
            "addmoney": "",
            "addmoney2": "",
            "msg": "",
            "z2add": "",
            "m2add": "",
            "prizegrades": [
                {
                    "type": 1,
                    "typenum": "10",
                    "typemoney": "6306199"
                },
                {
                    "type": 2,
                    "typenum": "207",
                    "typemoney": "78876"
                },
                {
                    "type": 3,
                    "typenum": "2568",
                    "typemoney": "3000"
                },
                {
                    "type": 4,
                    "typenum": "117360",
                    "typemoney": "200"
                },
                {
                    "type": 5,
                    "typenum": "1918247",
                    "typemoney": "10"
                },
                {
                    "type": 6,
                    "typenum": "11812102",
                    "typemoney": "5"
                },
                {
                    "type": 7,
                    "typenum": "",
                    "typemoney": ""
                }
            ]
        },
        {
            "name": "双色球",
            "code": "2015017",
            "detailsLink": "/c/2015/02/08/390384.shtml",
            "videoLink": "",
            "date": "2015-02-08(日)",
            "week": "日",
            "red": "13,18,20,25,27,33",
            "blue": "12",
            "blue2": "",
            "sales": "405548808",
            "poolmoney": "357142667",
            "content": "北京1注,福建5注,广东1注,共7注。",
            "addmoney": "",
            "addmoney2": "",
            "msg": "",
            "z2add": "",
            "m2add": "",
            "prizegrades": [
                {
                    "type": 1,
                    "typenum": "7",
                    "typemoney": "8393437"
                },
                {
                    "type": 2,
                    "typenum": "73",
                    "typemoney": "406747"
                },
                {
                    "type": 3,
                    "typenum": "966",
                    "typemoney": "3000"
                },
                {
                    "type": 4,
                    "typenum": "56604",
                    "typemoney": "200"
                },
                {
                    "type": 5,
                    "typenum": "1168878",
                    "typemoney": "10"
                },
                {
                    "type": 6,
                    "typenum": "10808208",
                    "typemoney": "5"
                },
                {
                    "type": 7,
                    "typenum": "",
                    "typemoney": ""
                }
            ]
        },
        {
            "name": "双色球",
            "code": "2015016",
            "detailsLink": "/c/2015/02/05/390336.shtml",
            "videoLink": "",
            "date": "2015-02-05(四)",
            "week": "四",
            "red": "02,06,10,15,17,31",
            "blue": "13",
            "blue2": "",
            "sales": "370190678",
            "poolmoney": "326819010",
            "content": "内蒙古3注,江苏3注,浙江1注,福建1注,山东1注,广西1注,共10注。",
            "addmoney": "",
            "addmoney2": "",
            "msg": "",
            "z2add": "",
            "m2add": "",
            "prizegrades": [
                {
                    "type": 1,
                    "typenum": "10",
                    "typemoney": "6855593"
                },
                {
                    "type": 2,
                    "typenum": "96",
                    "typemoney": "241613"
                },
                {
                    "type": 3,
                    "typenum": "1631",
                    "typemoney": "3000"
                },
                {
                    "type": 4,
                    "typenum": "82945",
                    "typemoney": "200"
                },
                {
                    "type": 5,
                    "typenum": "1519008",
                    "typemoney": "10"
                },
                {
                    "type": 6,
                    "typenum": "10388332",
                    "typemoney": "5"
                },
                {
                    "type": 7,
                    "typenum": "",
                    "typemoney": ""
                }
            ]
        },
        {
            "name": "双色球",
            "code": "2015015",
            "detailsLink": "/c/2015/02/03/390276.shtml",
            "videoLink": "",
            "date": "2015-02-03(二)",
            "week": "二",
            "red": "01,07,20,24,25,33",
            "blue": "04",
            "blue2": "",
            "sales": "369504840",
            "poolmoney": "325790184",
            "content": "黑龙江1注,上海1注,浙江1注,山东1注,云南1注,陕西1注,共6注。",
            "addmoney": "",
            "addmoney2": "",
            "msg": "",
            "z2add": "",
            "m2add": "",
            "prizegrades": [
                {
                    "type": 1,
                    "typenum": "6",
                    "typemoney": "8041259"
                },
                {
                    "type": 2,
                    "typenum": "94",
                    "typemoney": "242653"
                },
                {
                    "type": 3,
                    "typenum": "1310",
                    "typemoney": "3000"
                },
                {
                    "type": 4,
                    "typenum": "64552",
                    "typemoney": "200"
                },
                {
                    "type": 5,
                    "typenum": "1258129",
                    "typemoney": "10"
                },
                {
                    "type": 6,
                    "typenum": "12079578",
                    "typemoney": "5"
                },
                {
                    "type": 7,
                    "typenum": "",
                    "typemoney": ""
                }
            ]
        },
        {
            "name": "双色球",
            "code": "2015014",
            "detailsLink": "/c/2015/02/01/390191.shtml",
            "videoLink": "",
            "date": "2015-02-01(日)",
            "week": "日",
            "red": "02,12,16,19,27,30",
            "blue": "11",
            "blue2": "",
            "sales": "413004748",
            "poolmoney": "305609400",
            "content": "北京1注,天津3注,河北2注,山西1注,内蒙古1注,辽宁4注,吉林1注,黑龙江1注,上海4注,江苏4注,浙江14注,江西2注,山东3注,重庆3注,河南1注,湖北3注,湖南3注,广东6注,广西1注,云南2注,陕西6注,甘肃1注,新疆1注,深圳4注,共72注。",
            "addmoney": "",
            "addmoney2": "",
            "msg": "",
            "z2add": "",
            "m2add": "",
            "prizegrades": [
                {
                    "type": 1,
                    "typenum": "72",
                    "typemoney": "5079945"
                },
                {
                    "type": 2,
                    "typenum": "634",
                    "typemoney": "11348"
                },
                {
                    "type": 3,
                    "typenum": "8550",
                    "typemoney": "3000"
                },
                {
                    "type": 4,
                    "typenum": "243341",
                    "typemoney": "200"
                },
                {
                    "type": 5,
                    "typenum": "2859218",
                    "typemoney": "10"
                },
                {
                    "type": 6,
                    "typenum": "14136331",
                    "typemoney": "5"
                },
                {
                    "type": 7,
                    "typenum": "",
                    "typemoney": ""
                }
            ]
        },
        {
            "name": "双色球",
            "code": "2015013",
            "detailsLink": "/c/2015/01/29/390145.shtml",
            "videoLink": "",
            "date": "2015-01-29(四)",
            "week": "四",
            "red": "08,09,24,25,26,29",
            "blue": "01",
            "blue2": "",
            "sales": "371312910",
            "poolmoney": "649780284",
            "content": "北京1注,天津1注,辽宁1注,吉林2注,安徽2注,山东2注,湖北1注,广东1注,四川1注,共12注。",
            "addmoney": "",
            "addmoney2": "",
            "msg": "",
            "z2add": "",
            "m2add": "",
            "prizegrades": [
                {
                    "type": 1,
                    "typenum": "12",
                    "typemoney": "6841461"
                },
                {
                    "type": 2,
                    "typenum": "155",
                    "typemoney": "178205"
                },
                {
                    "type": 3,
                    "typenum": "1317",
                    "typemoney": "3000"
                },
                {
                    "type": 4,
                    "typenum": "72837",
                    "typemoney": "200"
                },
                {
                    "type": 5,
                    "typenum": "1457132",
                    "typemoney": "10"
                },
                {
                    "type": 6,
                    "typenum": "7673183",
                    "typemoney": "5"
                },
                {
                    "type": 7,
                    "typenum": "",
                    "typemoney": ""
                }
            ]
        },
        {
            "name": "双色球",
            "code": "2015012",
            "detailsLink": "/c/2015/01/27/390080.shtml",
            "videoLink": "",
            "date": "2015-01-27(二)",
            "week": "二",
            "red": "03,05,22,23,29,31",
            "blue": "06",
            "blue2": "",
            "sales": "370574586",
            "poolmoney": "649012056",
            "content": "天津1注,山西1注,辽宁1注,上海9注,安徽1注,福建1注,山东2注,重庆2注,广东1注,四川1注,云南1注,共21注。",
            "addmoney": "",
            "addmoney2": "",
            "msg": "",
            "z2add": "",
            "m2add": "",
            "prizegrades": [
                {
                    "type": 1,
                    "typenum": "21",
                    "typemoney": "5752465"
                },
                {
                    "type": 2,
                    "typenum": "91",
                    "typemoney": "217057"
                },
                {
                    "type": 3,
                    "typenum": "1813",
                    "typemoney": "3000"
                },
                {
                    "type": 4,
                    "typenum": "82638",
                    "typemoney": "200"
                },
                {
                    "type": 5,
                    "typenum": "1475069",
                    "typemoney": "10"
                },
                {
                    "type": 6,
                    "typenum": "13171066",
                    "typemoney": "5"
                },
                {
                    "type": 7,
                    "typenum": "",
                    "typemoney": ""
                }
            ]
        },
        {
            "name": "双色球",
            "code": "2015011",
            "detailsLink": "/c/2015/01/25/389979.shtml",
            "videoLink": "",
            "date": "2015-01-26(一)",
            "week": "一",
            "red": "04,14,15,17,18,20",
            "blue": "15",
            "blue2": "12",
            "sales": "448888738",
            "poolmoney": "710557160",
            "content": "江苏1注,福建1注,河南1注,广东1注,深圳1注,共5注。",
            "addmoney": "0",
            "addmoney2": "0",
            "msg": "",
            "z2add": "4",
            "m2add": "1615932（含派奖1250000）",
            "prizegrades": [
                {
                    "type": 1,
                    "typenum": "5",
                    "typemoney": "12000000（含派奖2000000）"
                },
                {
                    "type": 2,
                    "typenum": "100",
                    "typemoney": "365932"
                },
                {
                    "type": 3,
                    "typenum": "1245",
                    "typemoney": "3000"
                },
                {
                    "type": 4,
                    "typenum": "62626",
                    "typemoney": "200"
                },
                {
                    "type": 5,
                    "typenum": "1284432",
                    "typemoney": "10"
                },
                {
                    "type": 6,
                    "typenum": "8895576",
                    "typemoney": "5"
                },
                {
                    "type": 7,
                    "typenum": "",
                    "typemoney": ""
                }
            ]
        },
        {
            "name": "双色球",
            "code": "2015010",
            "detailsLink": "/c/2015/01/22/389970.shtml",
            "videoLink": "",
            "date": "2015-01-22(四)",
            "week": "四",
            "red": "01,02,03,08,21,31",
            "blue": "09",
            "blue2": "05",
            "sales": "408876968",
            "poolmoney": "650777351",
            "content": "北京1注,辽宁1注,吉林1注,重庆2注,四川1注,青海1注,共7注。",
            "addmoney": "10000000",
            "addmoney2": "5000000",
            "msg": "",
            "z2add": "4",
            "m2add": "1502855（含派奖1250000）",
            "prizegrades": [
                {
                    "type": 1,
                    "typenum": "7",
                    "typemoney": "8682598（含派奖1428571）"
                },
                {
                    "type": 2,
                    "typenum": "78",
                    "typemoney": "252855"
                },
                {
                    "type": 3,
                    "typenum": "1644",
                    "typemoney": "3000"
                },
                {
                    "type": 4,
                    "typenum": "87365",
                    "typemoney": "200"
                },
                {
                    "type": 5,
                    "typenum": "1619368",
                    "typemoney": "10"
                },
                {
                    "type": 6,
                    "typenum": "16572016",
                    "typemoney": "5"
                },
                {
                    "type": 7,
                    "typenum": "",
                    "typemoney": ""
                }
            ]
        },
        {
            "name": "双色球",
            "code": "2015009",
            "detailsLink": "/c/2015/01/20/389855.shtml",
            "videoLink": "",
            "date": "2015-01-20(二)",
            "week": "二",
            "red": "04,07,14,17,21,25",
            "blue": "14",
            "blue2": "13",
            "sales": "406130598",
            "poolmoney": "642387330",
            "content": "北京1注,天津1注,浙江2注,安徽1注,山东1注,重庆1注,广东2注,广西1注,四川2注,深圳1注,共13注。",
            "addmoney": "10000000",
            "addmoney2": "5000000",
            "msg": "",
            "z2add": "6",
            "m2add": "1007366（含派奖833333）",
            "prizegrades": [
                {
                    "type": 1,
                    "typenum": "13",
                    "typemoney": "7600598（含派奖769230）"
                },
                {
                    "type": 2,
                    "typenum": "171",
                    "typemoney": "174033"
                },
                {
                    "type": 3,
                    "typenum": "1687",
                    "typemoney": "3000"
                },
                {
                    "type": 4,
                    "typenum": "79640",
                    "typemoney": "200"
                },
                {
                    "type": 5,
                    "typenum": "1378947",
                    "typemoney": "10"
                },
                {
                    "type": 6,
                    "typenum": "9037312",
                    "typemoney": "5"
                },
                {
                    "type": 7,
                    "typenum": "",
                    "typemoney": ""
                }
            ]
        },
        {
            "name": "双色球",
            "code": "2015008",
            "detailsLink": "/c/2015/01/18/389808.shtml",
            "videoLink": "",
            "date": "2015-01-18(日)",
            "week": "日",
            "red": "04,07,10,16,20,22",
            "blue": "03",
            "blue2": "16",
            "sales": "441162104",
            "poolmoney": "641915910",
            "content": "天津1注,河北1注,山西1注,江苏1注,湖北2注,共6注。",
            "addmoney": "10000000",
            "addmoney2": "5000000",
            "msg": "",
            "z2add": "8",
            "m2add": "802096（含派奖625000）",
            "prizegrades": [
                {
                    "type": 1,
                    "typenum": "6",
                    "typemoney": "10114138（含派奖1666666）"
                },
                {
                    "type": 2,
                    "typenum": "146",
                    "typemoney": "177096"
                },
                {
                    "type": 3,
                    "typenum": "1775",
                    "typemoney": "3000"
                },
                {
                    "type": 4,
                    "typenum": "90410",
                    "typemoney": "200"
                },
                {
                    "type": 5,
                    "typenum": "1672987",
                    "typemoney": "10"
                },
                {
                    "type": 6,
                    "typenum": "14521675",
                    "typemoney": "5"
                },
                {
                    "type": 7,
                    "typenum": "",
                    "typemoney": ""
                }
            ]
        },
        {
            "name": "双色球",
            "code": "2015007",
            "detailsLink": "/c/2015/01/15/389735.shtml",
            "videoLink": "",
            "date": "2015-01-15(四)",
            "week": "四",
            "red": "01,07,09,17,20,33",
            "blue": "08",
            "blue2": "07",
            "sales": "396557494",
            "poolmoney": "615032608",
            "content": "天津3注,湖南1注,广东2注,广西1注,深圳1注,共8注。",
            "addmoney": "10000000",
            "addmoney2": "5000000",
            "msg": "",
            "z2add": "14",
            "m2add": "554927（含派奖357142）",
            "prizegrades": [
                {
                    "type": 1,
                    "typenum": "8",
                    "typemoney": "8148741（含派奖1250000）"
                },
                {
                    "type": 2,
                    "typenum": "96",
                    "typemoney": "197785"
                },
                {
                    "type": 3,
                    "typenum": "1675",
                    "typemoney": "3000"
                },
                {
                    "type": 4,
                    "typenum": "83479",
                    "typemoney": "200"
                },
                {
                    "type": 5,
                    "typenum": "1524644",
                    "typemoney": "10"
                },
                {
                    "type": 6,
                    "typenum": "16279256",
                    "typemoney": "5"
                },
                {
                    "type": 7,
                    "typenum": "",
                    "typemoney": ""
                }
            ]
        },
        {
            "name": "双色球",
            "code": "2015006",
            "detailsLink": "/c/2015/01/13/389602.shtml",
            "videoLink": "",
            "date": "2015-01-13(二)",
            "week": "二",
            "red": "01,10,11,29,31,33",
            "blue": "13",
            "blue2": "09",
            "sales": "381704996",
            "poolmoney": "613260305",
            "content": "上海1注,河南1注,广东1注,陕西2注,宁夏2注,共7注。",
            "addmoney": "10000000",
            "addmoney2": "5000000",
            "msg": "",
            "z2add": "16",
            "m2add": "482917（含派奖312500）",
            "prizegrades": [
                {
                    "type": 1,
                    "typenum": "7",
                    "typemoney": "9466873（含派奖1428571）"
                },
                {
                    "type": 2,
                    "typenum": "156",
                    "typemoney": "170417"
                },
                {
                    "type": 3,
                    "typenum": "1171",
                    "typemoney": "3000"
                },
                {
                    "type": 4,
                    "typenum": "67200",
                    "typemoney": "200"
                },
                {
                    "type": 5,
                    "typenum": "1285696",
                    "typemoney": "10"
                },
                {
                    "type": 6,
                    "typenum": "10176982",
                    "typemoney": "5"
                },
                {
                    "type": 7,
                    "typenum": "",
                    "typemoney": ""
                }
            ]
        },
        {
            "name": "双色球",
            "code": "2015005",
            "detailsLink": "/c/2015/01/11/389524.shtml",
            "videoLink": "",
            "date": "2015-01-11(日)",
            "week": "日",
            "red": "07,10,16,17,18,32",
            "blue": "15",
            "blue2": "01",
            "sales": "434233966",
            "poolmoney": "589772988",
            "content": "北京1注,天津1注,内蒙古1注,重庆1注,湖北1注,甘肃1注,新疆1注,共7注。",
            "addmoney": "10000000",
            "addmoney2": "5000000",
            "msg": "",
            "z2add": "6",
            "m2add": "1069107（含派奖833333）",
            "prizegrades": [
                {
                    "type": 1,
                    "typenum": "7",
                    "typemoney": "10254852（含派奖1428571）"
                },
                {
                    "type": 2,
                    "typenum": "142",
                    "typemoney": "235774"
                },
                {
                    "type": 3,
                    "typenum": "1383",
                    "typemoney": "3000"
                },
                {
                    "type": 4,
                    "typenum": "72464",
                    "typemoney": "200"
                },
                {
                    "type": 5,
                    "typenum": "1429891",
                    "typemoney": "10"
                },
                {
                    "type": 6,
                    "typenum": "9182818",
                    "typemoney": "5"
                },
                {
                    "type": 7,
                    "typenum": "",
                    "typemoney": ""
                }
            ]
        },
        {
            "name": "双色球",
            "code": "2015004",
            "detailsLink": "/c/2015/01/08/389483.shtml",
            "videoLink": "",
            "date": "2015-01-08(四)",
            "week": "四",
            "red": "02,14,15,16,23,24",
            "blue": "10",
            "blue2": "04",
            "sales": "391871604",
            "poolmoney": "551117080",
            "content": "辽宁2注,安徽1注,广东1注,广西1注,共5注。",
            "addmoney": "10000000",
            "addmoney2": "5000000",
            "msg": "",
            "z2add": "6",
            "m2add": "1086935（含派奖833333）",
            "prizegrades": [
                {
                    "type": 1,
                    "typenum": "5",
                    "typemoney": "10408414（含派奖2000000）"
                },
                {
                    "type": 2,
                    "typenum": "84",
                    "typemoney": "253602"
                },
                {
                    "type": 3,
                    "typenum": "1485",
                    "typemoney": "3000"
                },
                {
                    "type": 4,
                    "typenum": "70216",
                    "typemoney": "200"
                },
                {
                    "type": 5,
                    "typenum": "1308032",
                    "typemoney": "10"
                },
                {
                    "type": 6,
                    "typenum": "15045639",
                    "typemoney": "5"
                },
                {
                    "type": 7,
                    "typenum": "",
                    "typemoney": ""
                }
            ]
        },
        {
            "name": "双色球",
            "code": "2015003",
            "detailsLink": "/c/2015/01/06/389396.shtml",
            "videoLink": "",
            "date": "2015-01-06(二)",
            "week": "二",
            "red": "10,15,20,23,24,31",
            "blue": "15",
            "blue2": "11",
            "sales": "389418150",
            "poolmoney": "529251380",
            "content": "内蒙古1注,上海1注,浙江1注,江西1注,湖南1注,共5注。",
            "addmoney": "10000000",
            "addmoney2": "5000000",
            "msg": "",
            "z2add": "8",
            "m2add": "854190（含派奖625000）",
            "prizegrades": [
                {
                    "type": 1,
                    "typenum": "5",
                    "typemoney": "10593703（含派奖2000000）"
                },
                {
                    "type": 2,
                    "typenum": "98",
                    "typemoney": "229190"
                },
                {
                    "type": 3,
                    "typenum": "1344",
                    "typemoney": "3000"
                },
                {
                    "type": 4,
                    "typenum": "66738",
                    "typemoney": "200"
                },
                {
                    "type": 5,
                    "typenum": "1239828",
                    "typemoney": "10"
                },
                {
                    "type": 6,
                    "typenum": "14238884",
                    "typemoney": "5"
                },
                {
                    "type": 7,
                    "typenum": "",
                    "typemoney": ""
                }
            ]
        },
        {
            "name": "双色球",
            "code": "2015002",
            "detailsLink": "/c/2015/01/04/389313.shtml",
            "videoLink": "",
            "date": "2015-01-04(日)",
            "week": "日",
            "red": "07,15,16,25,28,32",
            "blue": "05",
            "blue2": "08",
            "sales": "445131362",
            "poolmoney": "504837957",
            "content": "天津2注,河北1注,山西2注,浙江1注,湖北3注,湖南2注,新疆1注,深圳1注,共13注。",
            "addmoney": "10000000",
            "addmoney2": "5000000",
            "msg": "",
            "z2add": "26",
            "m2add": "363662（含派奖192307）",
            "prizegrades": [
                {
                    "type": 1,
                    "typenum": "13",
                    "typemoney": "7372062（含派奖769230）"
                },
                {
                    "type": 2,
                    "typenum": "152",
                    "typemoney": "171355"
                },
                {
                    "type": 3,
                    "typenum": "2094",
                    "typemoney": "3000"
                },
                {
                    "type": 4,
                    "typenum": "91955",
                    "typemoney": "200"
                },
                {
                    "type": 5,
                    "typenum": "1596960",
                    "typemoney": "10"
                },
                {
                    "type": 6,
                    "typenum": "14657531",
                    "typemoney": "5"
                },
                {
                    "type": 7,
                    "typenum": "",
                    "typemoney": ""
                }
            ]
        },
        {
            "name": "双色球",
            "code": "2015001",
            "detailsLink": "/c/2015/01/01/389280.shtml",
            "videoLink": "",
            "date": "2015-01-01(四)",
            "week": "四",
            "red": "01,07,09,16,20,23",
            "blue": "06",
            "blue2": "01",
            "sales": "389811558",
            "poolmoney": "512536696",
            "content": "北京1注,黑龙江1注,上海2注,湖南1注,广东1注,海南1注,青海1注,共8注。",
            "addmoney": "10000000",
            "addmoney2": "5000000",
            "msg": "",
            "z2add": "5",
            "m2add": "1176444（含派奖1000000）",
            "prizegrades": [
                {
                    "type": 1,
                    "typenum": "8",
                    "typemoney": "8455559（含派奖1250000）"
                },
                {
                    "type": 2,
                    "typenum": "125",
                    "typemoney": "176444"
                },
                {
                    "type": 3,
                    "typenum": "1915",
                    "typemoney": "3000"
                },
                {
                    "type": 4,
                    "typenum": "88485",
                    "typemoney": "200"
                },
                {
                    "type": 5,
                    "typenum": "1603348",
                    "typemoney": "10"
                },
                {
                    "type": 6,
                    "typenum": "12661963",
                    "typemoney": "5"
                },
                {
                    "type": 7,
                    "typenum": "",
                    "typemoney": ""
                }
            ]
        }
    ]
}